Retailer,Retailer ID,Invoice Date,Region,State,City,Product,Price per Unit,Units Sold,Total Sales,Operating Profit,Operating Margin,Sales Method,Sales person,Campaign,Category,Segment
Sports Direct,1185732,10/9/2021,Midwest,North Dakota,Fargo,Men's Street Footwear,$50.00 ,400.0,200000.0,"$70,000 ",35%,In-store,Jan Morforth,15,Urban,All Season
Walmart,1197831,9/16/2020,South,Texas,Houston,Women's Apparel,$43.00 ,233.0,10019.0,"$5,410 ",54%,Outlet,Gigi Bohling,6,Mix,Select
Walmart,1197831,9/13/2020,South,Texas,Houston,Women's Street Footwear,$48.00 ,188.0,9024.0,"$4,241 ",47%,Online,Brien Boise,10,Rural,Convenience
Sports Direct,1185732,5/2/2021,Southeast,North Carolina,Charlotte,Men's Athletic Footwear,$45.00 ,650.0,292500.0,"$102,375 ",35%,Online,Brien Boise,11,Urban,Convenience
West Gear,1185732,9/18/2021,Northeast,West Virginia,Charleston,Women's Apparel,$40.00 ,300.0,120000.0,"$48,000 ",40%,In-store,Brien Boise,7,Urban,Extreme
Amazon,1185732,12/13/2021,Northeast,Massachusetts,Boston,Women's Street Footwear,$51.00 ,98.0,4998.0,"$1,949 ",39%,Online,Wilone O'Kielt,18,Mix,All Season
Amazon,1185732,8/21/2021,West,Alaska,Anchorage,Women's Street Footwear,$55.00 ,350.0,192500.0,"$48,125 ",25%,Outlet,Kelci Walkden,13,Mix,Moderation
Foot Locker,1185732,10/24/2020,Midwest,Minnesota,Minneapolis,Men's Athletic Footwear,$35.00 ,150.0,52500.0,"$15,750 ",30%,In-store,Marney O'Breen,3,Rural,Accessory
Foot Locker,1128299,11/23/2021,West,Arizona,Phoenix,Men's Street Footwear,$31.00 ,150.0,4650.0,"$1,767 ",38%,Outlet,Oby Sorrel,11,Rural,Accessory
Amazon,1185732,1/22/2021,Midwest,Ohio,Columbus,Women's Street Footwear,$30.00 ,300.0,90000.0,"$36,000 ",40%,Online,Barr Faughny,6,Urban,Productivity
Sports Direct,1185732,9/2/2021,Southeast,North Carolina,Charlotte,Women's Street Footwear,$30.00 ,625.0,187500.0,"$75,000 ",40%,Online,Camilla Castle,18,Accessory,All Season
West Gear,1185732,4/21/2021,Northeast,Maryland,Baltimore,Men's Apparel,$41.00 ,15.0,615.0,$277 ,45%,Online,Jan Morforth,9,Urban,Accessory
Foot Locker,1185732,11/4/2021,Northeast,Connecticut,Hartford,Men's Apparel,$44.00 ,88.0,3872.0,"$1,394 ",36%,Outlet,Kelci Walkden,20,Youth,Youth
West Gear,1197831,8/20/2021,South,Oklahoma,Oklahoma City,Men's Street Footwear,$60.00 ,675.0,405000.0,"$162,000 ",40%,Online,Gunar Cockshoot,20,Rural,Select
Walmart,1197831,9/8/2020,South,Texas,Houston,Women's Athletic Footwear,$50.00 ,625.0,312500.0,"$140,625 ",45%,Outlet,Dennison Crosswaite,8,Urban,Accessory
Foot Locker,1128299,11/23/2021,West,Arizona,Phoenix,Women's Apparel,$39.00 ,140.0,5460.0,"$1,529 ",28%,Outlet,Kelci Walkden,3,Rural,Select
Foot Locker,1128299,7/22/2021,West,Arizona,Phoenix,Men's Street Footwear,$50.00 ,675.0,337500.0,"$118,125 ",35%,Online,Mallorie Waber,21,Mix,Extreme
Kohl's,1189833,1/28/2021,Midwest,Montana,Billings,Men's Athletic Footwear,$42.00 ,147.0,6174.0,"$2,531 ",41%,Online,Mallorie Waber,7,Youth,Select
West Gear,1128299,1/29/2020,West,Nevada,Las Vegas,Women's Athletic Footwear,$57.00 ,90.0,5130.0,"$2,565 ",50%,Online,Jan Morforth,12,Accessory,Select
West Gear,1128299,5/5/2020,West,Colorado,Denver,Women's Athletic Footwear,$65.00 ,400.0,260000.0,"$91,000 ",35%,In-store,Roddy Speechley,15,Mix,Select
West Gear,1128299,7/4/2020,West,Washington,Seattle,Women's Athletic Footwear,$80.00 ,525.0,420000.0,"$126,000 ",30%,In-store,Brien Boise,13,Youth,Productivity
Sports Direct,1197831,7/28/2020,South,Texas,Houston,Women's Athletic Footwear,$26.00 ,213.0,5538.0,"$2,769 ",50%,Outlet,Roddy Speechley,3,Youth,Youth
Sports Direct,1185732,6/15/2021,Northeast,Massachusetts,Boston,Women's Apparel,$47.00 ,120.0,5640.0,"$1,974 ",35%,Outlet,Brien Boise,5,Accessory,Select
West Gear,1128299,10/17/2021,South,Louisiana,New Orleans,Men's Apparel,$39.00 ,112.0,4368.0,"$2,097 ",48%,Outlet,Dotty Strutley,11,Youth,Productivity
Amazon,1185732,5/17/2021,Northeast,New Hampshire,Manchester,Women's Athletic Footwear,$55.00 ,275.0,151250.0,"$45,375 ",30%,In-store,Gigi Bohling,18,Accessory,Extreme
West Gear,1185732,7/2/2021,Midwest,Wisconsin,Milwaukee,Men's Apparel,$50.00 ,200.0,100000.0,"$50,000 ",50%,In-store,Barr Faughny,1,Mix,All Season
Sports Direct,1197831,8/12/2021,Midwest,Illinois,Chicago,Men's Athletic Footwear,$28.00 ,196.0,5488.0,"$2,195 ",40%,Online,Dennison Crosswaite,2,Urban,Regular
Kohl's,1197831,7/12/2021,Midwest,Kansas,Wichita,Men's Street Footwear,$51.00 ,182.0,9282.0,"$4,641 ",50%,Online,Jehu Rudeforth,21,Urban,Accessory
Walmart,1128299,8/17/2021,Southeast,Florida,Orlando,Men's Athletic Footwear,$85.00 ,825.0,701250.0,"$175,313 ",25%,In-store,Rafaelita Blaksland,9,Urban,Productivity
Walmart,1128299,11/17/2021,Southeast,Florida,Orlando,Men's Athletic Footwear,$54.00 ,175.0,9450.0,"$3,591 ",38%,Online,Beverie Moffet,17,Accessory,Extreme
Kohl's,1189833,3/20/2021,West,California,Los Angeles,Men's Athletic Footwear,$36.00 ,228.0,8208.0,"$2,298 ",28%,Outlet,Barr Faughny,22,Youth,Select
Amazon,1185732,8/11/2021,Northeast,Vermont,Burlington,Men's Apparel,$43.00 ,72.0,3096.0,"$1,207 ",39%,Outlet,Dennison Crosswaite,14,Mix,Regular
Foot Locker,1185732,9/5/2021,Southeast,South Carolina,Charleston,Men's Athletic Footwear,$50.00 ,825.0,412500.0,"$144,375 ",35%,Online,Ches Bonnell,11,Mix,Convenience
Sports Direct,1185732,1/7/2021,Northeast,New Jersey,Newark,Men's Athletic Footwear,$40.00 ,300.0,120000.0,"$48,000 ",40%,In-store,Camilla Castle,9,Youth,Productivity
Amazon,1185732,10/15/2021,South,Alabama,Birmingham,Women's Athletic Footwear,$25.00 ,30.0,750.0,$248 ,33%,Outlet,Barr Faughny,5,Urban,Accessory
Sports Direct,1197831,8/30/2021,South,Alabama,Birmingham,Women's Apparel,$43.00 ,203.0,8729.0,"$6,285 ",72%,Online,Jan Morforth,7,Urban,Youth
Amazon,1185732,1/14/2021,Northeast,Massachusetts,Boston,Women's Athletic Footwear,$39.00 ,44.0,1716.0,$841 ,49%,Online,Barr Faughny,7,Rural,Youth
Sports Direct,1197831,8/15/2021,South,Alabama,Birmingham,Women's Street Footwear,$30.00 ,450.0,135000.0,"$60,750 ",45%,Outlet,Barr Faughny,17,Rural,Youth
Foot Locker,1185732,6/6/2021,Midwest,Iowa,Des Moines,Women's Street Footwear,$25.00 ,200.0,50000.0,"$15,000 ",30%,In-store,Kaine Padly,14,Youth,Moderation
Sports Direct,1197831,10/11/2021,South,Alabama,Birmingham,Women's Apparel,$70.00 ,750.0,525000.0,"$341,250 ",65%,Outlet,Karlen McCaffrey,17,Mix,All Season
Foot Locker,1185732,12/12/2021,Northeast,Pennsylvania,Philadelphia,Women's Athletic Footwear,$41.00 ,53.0,2173.0,"$1,021 ",47%,Online,Beverie Moffet,14,Mix,Regular
Foot Locker,1185732,8/7/2021,Northeast,Rhode Island,Providence,Women's Athletic Footwear,$29.00 ,47.0,1363.0,$586 ,43%,Outlet,Gunar Cockshoot,1,Mix,Convenience
Sports Direct,1128299,5/14/2021,Southeast,Georgia,Atlanta,Women's Apparel,$70.00 ,400.0,280000.0,"$70,000 ",25%,Online,Madelene Upcott,20,Accessory,Convenience
West Gear,1185732,1/11/2021,Midwest,Missouri,St. Louis,Men's Street Footwear,$25.00 ,675.0,168750.0,"$67,500 ",40%,In-store,Mallorie Waber,1,Urban,All Season
Foot Locker,1185732,7/13/2021,Northeast,Delaware,Wilmington,Women's Street Footwear,$45.00 ,350.0,157500.0,"$63,000 ",40%,In-store,Dotty Strutley,6,Rural,Convenience
Sports Direct,1185732,6/15/2021,Northeast,Massachusetts,Boston,Women's Athletic Footwear,$41.00 ,65.0,2665.0,$933 ,35%,Online,Karlen McCaffrey,15,Mix,Moderation
Walmart,1128299,10/10/2021,West,Hawaii,Honolulu,Women's Apparel,$64.00 ,75.0,4800.0,"$2,448 ",51%,Online,Marney O'Breen,1,Urban,Regular
Walmart,1128299,10/17/2021,Southeast,Florida,Orlando,Men's Street Footwear,$50.00 ,400.0,200000.0,"$60,000 ",30%,In-store,Jan Morforth,8,Youth,Convenience
Walmart,1197831,2/21/2021,South,Arkansas,Little Rock,Women's Athletic Footwear,$20.00 ,250.0,50000.0,"$20,000 ",40%,Online,Jan Morforth,5,Accessory,Regular
Sports Direct,1197831,10/10/2021,South,Alabama,Birmingham,Men's Apparel,$40.00 ,155.0,6200.0,"$2,914 ",47%,Outlet,Husein Augar,22,Rural,Productivity
West Gear,1128299,2/17/2021,South,Louisiana,New Orleans,Men's Apparel,$50.00 ,175.0,87500.0,"$39,375 ",45%,In-store,Jan Morforth,13,Rural,Productivity
Walmart,1197831,8/16/2020,South,Texas,Houston,Men's Apparel,$45.00 ,600.0,270000.0,"$81,000 ",30%,Outlet,Dennison Crosswaite,5,Accessory,Convenience
Foot Locker,1185732,4/18/2021,Midwest,Missouri,St. Louis,Men's Apparel,$40.00 ,225.0,90000.0,"$31,500 ",35%,In-store,Kaine Padly,12,Mix,Accessory
Foot Locker,1185732,2/7/2021,Southeast,Georgia,Atlanta,Men's Street Footwear,$31.00 ,376.0,11656.0,"$5,595 ",48%,Outlet,Karlen McCaffrey,13,Accessory,Extreme
Sports Direct,1128299,2/13/2021,West,New Mexico,Albuquerque,Women's Street Footwear,$37.00 ,104.0,3848.0,"$1,924 ",50%,Online,Roddy Speechley,18,Urban,Accessory
Foot Locker,1185732,11/17/2021,Northeast,Pennsylvania,Philadelphia,Women's Street Footwear,$38.00 ,53.0,2014.0,$745 ,37%,Outlet,Jehu Rudeforth,4,Youth,Extreme
West Gear,1128299,1/12/2021,West,California,San Francisco,Men's Street Footwear,$56.00 ,277.0,15512.0,"$6,980 ",45%,Online,Andria Kimpton,16,Accessory,Extreme
Kohl's,1189833,2/17/2021,West,California,San Francisco,Men's Street Footwear,$32.00 ,203.0,6496.0,"$3,313 ",51%,Online,Karlen McCaffrey,21,Accessory,Youth
West Gear,1128299,6/12/2020,West,Washington,Seattle,Women's Apparel,$62.00 ,105.0,6510.0,"$2,213 ",34%,Online,Beverie Moffet,1,Rural,Moderation
Foot Locker,1128299,9/24/2021,West,Arizona,Phoenix,Men's Street Footwear,$45.00 ,575.0,258750.0,"$90,563 ",35%,Online,Kelci Walkden,8,Urban,Productivity
West Gear,1185732,6/11/2021,West,Utah,Salt Lake City,Men's Apparel,$35.00 ,400.0,140000.0,"$49,000 ",35%,In-store,Madelene Upcott,8,Youth,Extreme
West Gear,1128299,5/19/2020,West,Colorado,Denver,Women's Apparel,$80.00 ,500.0,400000.0,"$80,000 ",20%,In-store,Dotty Strutley,15,Youth,Extreme
Sports Direct,1197831,4/22/2021,South,Tennessee,Knoxville,Men's Athletic Footwear,$54.00 ,233.0,12582.0,"$7,172 ",57%,Online,Madelene Upcott,8,Rural,Productivity
Sports Direct,1197831,4/6/2021,South,Tennessee,Knoxville,Women's Athletic Footwear,$20.00 ,179.0,3580.0,"$1,933 ",54%,Outlet,Oby Sorrel,18,Accessory,Youth
West Gear,1185732,1/12/2021,Southeast,Florida,Orlando,Women's Athletic Footwear,$30.00 ,170.0,5100.0,"$1,887 ",37%,Outlet,Marney O'Breen,4,Mix,Moderation
West Gear,1128299,1/22/2021,West,California,San Francisco,Men's Apparel,$69.00 ,188.0,12972.0,"$7,913 ",61%,Online,Van Tuxwell,6,Mix,Select
Foot Locker,1185732,11/20/2021,Northeast,Pennsylvania,Philadelphia,Women's Apparel,$51.00 ,78.0,3978.0,"$1,472 ",37%,Outlet,Brien Boise,3,Urban,Youth
West Gear,1128299,8/24/2021,West,Oregon,Portland,Men's Athletic Footwear,$62.00 ,256.0,15872.0,"$6,666 ",42%,Outlet,Beverie Moffet,4,Rural,Select
West Gear,1128299,10/24/2021,West,Oregon,Portland,Women's Street Footwear,$50.00 ,350.0,175000.0,"$61,250 ",35%,In-store,Mallorie Waber,20,Mix,Select
Walmart,1128299,9/18/2021,Southeast,Florida,Orlando,Men's Athletic Footwear,$60.00 ,135.0,8100.0,"$2,997 ",37%,Online,Dotty Strutley,9,Mix,All Season
West Gear,1128299,3/10/2020,West,Nevada,Las Vegas,Men's Athletic Footwear,$65.00 ,675.0,438750.0,"$87,750 ",20%,In-store,Barr Faughny,17,Rural,Productivity
Sports Direct,1197831,4/18/2021,South,Tennessee,Knoxville,Women's Athletic Footwear,$40.00 ,575.0,230000.0,"$126,500 ",55%,Outlet,Gigi Bohling,15,Rural,Accessory
West Gear,1128299,11/17/2021,South,Louisiana,New Orleans,Men's Street Footwear,$39.00 ,188.0,7332.0,"$3,666 ",50%,Online,Jehu Rudeforth,12,Urban,Accessory
Sports Direct,1197831,3/15/2021,South,Tennessee,Knoxville,Women's Apparel,$24.00 ,170.0,4080.0,"$2,162 ",53%,Outlet,Husein Augar,21,Rural,Convenience
Kohl's,1197831,4/13/2021,Midwest,Kansas,Wichita,Women's Street Footwear,$14.00 ,60.0,840.0,$420 ,50%,Online,Curtice Advani,14,Urban,Moderation
Foot Locker,1185732,12/20/2021,Northeast,Maryland,Baltimore,Men's Street Footwear,$57.00 ,122.0,6954.0,"$3,477 ",50%,Online,Andria Kimpton,21,Urban,Convenience
Walmart,1128299,4/17/2021,Southeast,Florida,Orlando,Women's Street Footwear,$66.00 ,120.0,7920.0,"$3,247 ",41%,Online,Jehu Rudeforth,4,Mix,Accessory
Foot Locker,1185732,12/17/2021,Midwest,Missouri,St. Louis,Men's Street Footwear,$45.00 ,650.0,292500.0,"$117,000 ",40%,In-store,Dotty Strutley,17,Mix,Regular
Amazon,1185732,10/13/2021,South,Alabama,Birmingham,Men's Athletic Footwear,$40.00 ,250.0,100000.0,"$35,000 ",35%,Outlet,Madelene Upcott,7,Urban,Youth
Foot Locker,1185732,9/23/2020,Southeast,Florida,Miami,Men's Street Footwear,$55.00 ,1050.0,577500.0,"$259,875 ",45%,In-store,Jan Morforth,1,Rural,Select
Foot Locker,1185732,6/18/2021,South,Mississippi,Jackson,Men's Athletic Footwear,$40.00 ,500.0,200000.0,"$70,000 ",35%,Online,Kaine Padly,6,Mix,Convenience
Sports Direct,1197831,11/5/2021,West,Idaho,Boise,Men's Apparel,$41.00 ,149.0,6109.0,"$2,321 ",38%,Outlet,Wilone O'Kielt,9,Rural,Youth
Amazon,1185732,4/10/2021,Midwest,Ohio,Columbus,Women's Apparel,$34.00 ,137.0,4658.0,"$3,028 ",65%,Online,Brien Boise,2,Rural,Regular
Sports Direct,1185732,5/15/2021,Midwest,Michigan,Detroit,Men's Street Footwear,$50.00 ,795.0,397500.0,"$198,750 ",50%,In-store,Kelci Walkden,19,Mix,Select
Walmart,1197831,8/16/2020,South,Texas,Houston,Men's Apparel,$35.00 ,180.0,6300.0,"$2,205 ",35%,Outlet,Brien Boise,22,Youth,Moderation
West Gear,1197831,3/6/2021,West,Idaho,Boise,Men's Apparel,$37.00 ,75.0,2775.0,"$1,249 ",45%,Online,Camilla Castle,9,Accessory,Accessory
Foot Locker,1185732,12/20/2021,Northeast,Pennsylvania,Philadelphia,Women's Apparel,$65.00 ,225.0,146250.0,"$36,563 ",25%,Outlet,Curtice Advani,6,Urban,Moderation
Foot Locker,1128299,11/24/2021,Southeast,Virginia,Richmond,Men's Apparel,$73.00 ,111.0,8103.0,"$4,457 ",55%,Online,Ches Bonnell,14,Rural,Extreme
Sports Direct,1197831,4/12/2021,South,Tennessee,Knoxville,Women's Athletic Footwear,$40.00 ,600.0,240000.0,"$120,000 ",50%,Outlet,Ches Bonnell,15,Rural,Extreme
Sports Direct,1197831,4/26/2021,South,Tennessee,Knoxville,Women's Apparel,$53.00 ,181.0,9593.0,"$6,811 ",71%,Online,Beverie Moffet,9,Accessory,Convenience
West Gear,1128299,11/24/2021,West,Oregon,Portland,Women's Street Footwear,$42.00 ,128.0,5376.0,"$2,688 ",50%,Online,Mallorie Waber,1,Rural,Productivity
Sports Direct,1197831,3/16/2021,South,Tennessee,Knoxville,Men's Street Footwear,$24.00 ,169.0,4056.0,"$2,028 ",50%,Online,Barr Faughny,12,Urban,Select
Foot Locker,1185732,3/13/2020,Northeast,New York,New York,Women's Athletic Footwear,$50.00 ,900.0,450000.0,"$157,500 ",35%,Outlet,Wilone O'Kielt,22,Urban,Productivity
Foot Locker,1185732,9/13/2021,Midwest,South Dakota,Sioux Falls,Women's Athletic Footwear,$34.00 ,39.0,1326.0,$530 ,40%,Online,Andria Kimpton,3,Mix,Regular
Walmart,1185732,4/18/2020,Northeast,New York,New York,Women's Apparel,$48.00 ,355.0,17040.0,"$5,112 ",30%,Outlet,Jan Morforth,8,Accessory,Productivity
Foot Locker,1185732,1/4/2020,Northeast,New York,New York,Women's Athletic Footwear,$45.00 ,850.0,382500.0,"$133,875 ",35%,In-store,Dennison Crosswaite,18,Youth,Accessory
Amazon,1185732,10/19/2021,Northeast,Maine,Portland,Men's Athletic Footwear,$40.00 ,150.0,60000.0,"$21,000 ",35%,Outlet,Dennison Crosswaite,16,Rural,Productivity
Sports Direct,1185732,10/12/2021,Midwest,South Dakota,Sioux Falls,Women's Apparel,$55.00 ,70.0,3850.0,"$2,118 ",55%,Online,Curtice Advani,11,Urban,Convenience
Foot Locker,1128299,3/22/2021,West,Arizona,Phoenix,Women's Street Footwear,$49.00 ,91.0,4459.0,"$2,230 ",50%,Online,Roddy Speechley,19,Youth,Convenience
Amazon,1185732,11/10/2021,Midwest,Ohio,Columbus,Women's Street Footwear,$32.00 ,116.0,3712.0,"$1,856 ",50%,Online,Kaine Padly,12,Mix,Moderation
Foot Locker,1185732,3/11/2021,Midwest,South Dakota,Sioux Falls,Men's Street Footwear,$40.00 ,495.0,198000.0,"$69,300 ",35%,Online,Dennison Crosswaite,17,Rural,Moderation
Walmart,1197831,4/20/2021,South,Arkansas,Little Rock,Men's Street Footwear,$23.00 ,174.0,4002.0,"$2,161 ",54%,Online,Curtice Advani,9,Urban,Regular
Foot Locker,1185732,4/6/2021,Midwest,Iowa,Des Moines,Men's Apparel,$55.00 ,34.0,1870.0,"$1,141 ",61%,Online,Marney O'Breen,18,Accessory,Productivity
Foot Locker,1185732,2/18/2021,Midwest,Michigan,Detroit,Men's Athletic Footwear,$30.00 ,325.0,97500.0,"$34,125 ",35%,In-store,Jan Morforth,4,Urban,Regular
West Gear,1185732,7/10/2021,West,Utah,Salt Lake City,Women's Apparel,$38.00 ,150.0,5700.0,"$3,705 ",65%,Online,Gunar Cockshoot,20,Accessory,All Season
West Gear,1128299,1/17/2021,West,Oregon,Portland,Women's Street Footwear,$45.00 ,400.0,180000.0,"$72,000 ",40%,In-store,Jehu Rudeforth,8,Mix,Select
Walmart,1128299,5/18/2021,Southeast,Florida,Orlando,Men's Street Footwear,$60.00 ,575.0,345000.0,"$103,500 ",30%,Outlet,Kelci Walkden,12,Rural,Accessory
Foot Locker,1185732,3/11/2021,Midwest,South Dakota,Sioux Falls,Women's Athletic Footwear,$35.00 ,75.0,26250.0,"$7,875 ",30%,Online,Dotty Strutley,9,Accessory,Productivity
West Gear,1128299,1/7/2020,West,Nevada,Las Vegas,Women's Apparel,$41.00 ,128.0,5248.0,"$1,574 ",30%,Online,Andria Kimpton,4,Urban,Convenience
Sports Direct,1185732,10/5/2021,Northeast,Connecticut,Hartford,Women's Athletic Footwear,$43.00 ,45.0,1935.0,$697 ,36%,Outlet,Kaine Padly,7,Accessory,Convenience
Kohl's,1185732,8/11/2021,West,Wyoming,Cheyenne,Women's Apparel,$55.00 ,675.0,371250.0,"$92,813 ",25%,In-store,Jehu Rudeforth,10,Accessory,Regular
Foot Locker,1185732,12/6/2021,Northeast,Pennsylvania,Philadelphia,Women's Athletic Footwear,$43.00 ,62.0,2666.0,"$1,226 ",46%,Outlet,Rafaelita Blaksland,3,Urban,All Season
Amazon,1185732,8/21/2021,West,Alaska,Anchorage,Men's Street Footwear,$65.00 ,650.0,422500.0,"$147,875 ",35%,Outlet,Jehu Rudeforth,7,Mix,All Season
Amazon,1185732,3/10/2021,Northeast,Vermont,Burlington,Women's Apparel,$29.00 ,96.0,2784.0,"$1,281 ",46%,Outlet,Gigi Bohling,9,Accessory,Regular
Sports Direct,1185732,1/7/2021,Northeast,New Jersey,Newark,Women's Apparel,$37.00 ,81.0,2997.0,"$1,499 ",50%,Online,Rafaelita Blaksland,14,Youth,Youth
West Gear,1128299,1/5/2021,West,California,San Francisco,Women's Apparel,$58.00 ,225.0,13050.0,"$3,002 ",23%,Outlet,Kaine Padly,3,Urban,All Season
Foot Locker,1185732,11/18/2021,Northeast,Pennsylvania,Philadelphia,Women's Athletic Footwear,$51.00 ,29.0,1479.0,$695 ,47%,Online,Camilla Castle,6,Urban,Convenience
Sports Direct,1197831,8/25/2021,South,Alabama,Birmingham,Men's Street Footwear,$9.00 ,203.0,1827.0,"$1,078 ",59%,Online,Camilla Castle,8,Mix,Extreme
Sports Direct,1197831,10/2/2021,South,Alabama,Birmingham,Women's Street Footwear,$43.00 ,144.0,6192.0,"$3,963 ",64%,Online,Brien Boise,9,Urban,Regular
Sports Direct,1185732,10/5/2021,Northeast,Connecticut,Hartford,Men's Street Footwear,$59.00 ,113.0,6667.0,"$3,667 ",55%,Online,Ches Bonnell,4,Accessory,Extreme
Sports Direct,1128299,12/9/2021,West,Hawaii,Honolulu,Women's Street Footwear,$80.00 ,500.0,400000.0,"$100,000 ",25%,Outlet,Curtice Advani,1,Accessory,Convenience
Sports Direct,1185732,4/14/2021,Northeast,Massachusetts,Boston,Men's Apparel,$33.00 ,44.0,1452.0,$392 ,27%,Outlet,Camilla Castle,2,Youth,Extreme
Foot Locker,1185732,11/14/2020,Midwest,Minnesota,Minneapolis,Men's Apparel,$50.00 ,20.0,1000.0,$410 ,41%,Online,Van Tuxwell,4,Rural,Convenience
Kohl's,1189833,4/21/2021,West,California,Los Angeles,Women's Street Footwear,$35.00 ,233.0,8155.0,"$3,425 ",42%,Outlet,Kelci Walkden,16,Mix,Moderation
Amazon,1185732,7/9/2021,Midwest,Ohio,Columbus,Women's Street Footwear,$51.00 ,173.0,8823.0,"$4,500 ",51%,Online,Karlen McCaffrey,20,Youth,Regular
Foot Locker,1185732,6/20/2021,Midwest,Nebraska,Omaha,Men's Street Footwear,$40.00 ,400.0,160000.0,"$64,000 ",40%,Outlet,Gigi Bohling,13,Youth,Accessory
Kohl's,1128299,6/26/2021,West,New Mexico,Albuquerque,Men's Street Footwear,$52.00 ,203.0,10556.0,"$5,067 ",48%,Online,Kelci Walkden,4,Mix,Select
Foot Locker,1185732,1/2/2020,Northeast,New York,New York,Men's Athletic Footwear,$47.00 ,260.0,12220.0,"$5,132 ",42%,Online,Madelene Upcott,20,Youth,Accessory
Foot Locker,1128299,3/23/2021,Southeast,Virginia,Richmond,Women's Street Footwear,$43.00 ,112.0,4816.0,"$1,975 ",41%,Outlet,Van Tuxwell,21,Rural,All Season
Foot Locker,1185732,2/18/2021,South,Mississippi,Jackson,Women's Apparel,$24.00 ,125.0,3000.0,"$1,800 ",60%,Online,Curtice Advani,20,Youth,Extreme
Foot Locker,1185732,6/15/2021,Northeast,Delaware,Wilmington,Women's Apparel,$60.00 ,450.0,270000.0,"$108,000 ",40%,In-store,Rafaelita Blaksland,8,Rural,Accessory
Sports Direct,1185732,10/15/2021,Northeast,Massachusetts,Boston,Women's Athletic Footwear,$55.00 ,100.0,55000.0,"$13,750 ",25%,In-store,Camilla Castle,4,Youth,Regular
Amazon,1185732,2/12/2021,Northeast,Vermont,Burlington,Men's Apparel,$55.00 ,225.0,123750.0,"$43,313 ",35%,In-store,Curtice Advani,6,Youth,Regular
Amazon,1185732,7/21/2021,Southeast,Kentucky,Louisville,Women's Apparel,$50.00 ,115.0,5750.0,"$3,105 ",54%,Online,Andria Kimpton,17,Urban,Convenience
Sports Direct,1197831,9/5/2021,West,Idaho,Boise,Women's Street Footwear,$60.00 ,675.0,405000.0,"$162,000 ",40%,Online,Wilone O'Kielt,10,Rural,Youth
Sports Direct,1197831,8/30/2021,South,Texas,Dallas,Men's Athletic Footwear,$21.00 ,210.0,4410.0,"$1,764 ",40%,Outlet,Kaine Padly,18,Rural,Regular
Foot Locker,1128299,2/23/2021,West,Arizona,Phoenix,Women's Apparel,$31.00 ,116.0,3596.0,$971 ,27%,Outlet,Husein Augar,21,Accessory,Productivity
Sports Direct,1197831,10/7/2021,South,Texas,Dallas,Women's Athletic Footwear,$41.00 ,111.0,4551.0,"$2,731 ",60%,Online,Marney O'Breen,2,Mix,Regular
West Gear,1128299,11/8/2020,West,California,San Francisco,Men's Athletic Footwear,$49.00 ,210.0,10290.0,"$3,190 ",31%,Online,Dennison Crosswaite,1,Urban,Select
Kohl's,1128299,8/26/2021,West,New Mexico,Albuquerque,Women's Apparel,$70.00 ,126.0,8820.0,"$3,352 ",38%,Online,Curtice Advani,5,Youth,Moderation
West Gear,1128299,6/24/2021,West,Oregon,Portland,Women's Apparel,$95.00 ,189.0,17955.0,"$8,080 ",45%,Online,Marney O'Breen,21,Accessory,All Season
Sports Direct,1185732,4/9/2021,Midwest,North Dakota,Fargo,Women's Street Footwear,$20.00 ,150.0,30000.0,"$9,000 ",30%,Online,Rafaelita Blaksland,17,Youth,Regular
Foot Locker,1185732,11/6/2021,Southeast,South Carolina,Charleston,Men's Athletic Footwear,$44.00 ,188.0,8272.0,"$3,722 ",45%,Online,Jehu Rudeforth,22,Accessory,Accessory
Foot Locker,1185732,3/13/2020,Northeast,New York,New York,Women's Athletic Footwear,$35.00 ,270.0,9450.0,"$3,497 ",37%,Outlet,Gigi Bohling,14,Rural,Productivity
Amazon,1185732,10/13/2021,South,Alabama,Birmingham,Men's Athletic Footwear,$30.00 ,88.0,2640.0,"$1,082 ",41%,Outlet,Van Tuxwell,6,Accessory,Convenience
Sports Direct,1197831,9/7/2021,South,Alabama,Birmingham,Men's Athletic Footwear,$37.00 ,264.0,9768.0,"$5,372 ",55%,Outlet,Curtice Advani,9,Urban,Select
Sports Direct,1128299,12/25/2021,West,New Mexico,Albuquerque,Women's Apparel,$72.00 ,131.0,9432.0,"$3,301 ",35%,Online,Mallorie Waber,2,Accessory,Convenience
Kohl's,1185732,2/8/2021,Northeast,Delaware,Wilmington,Men's Street Footwear,$34.00 ,147.0,4998.0,"$2,399 ",48%,Online,Mallorie Waber,6,Urban,Productivity
Sports Direct,1185732,3/3/2021,Northeast,Connecticut,Hartford,Women's Athletic Footwear,$35.00 ,100.0,35000.0,"$10,500 ",30%,In-store,Husein Augar,6,Urban,Productivity
Amazon,1185732,11/18/2021,Northeast,Maine,Portland,Men's Apparel,$60.00 ,41.0,2460.0,$886 ,36%,Online,Dennison Crosswaite,1,Mix,Youth
Sports Direct,1197831,8/12/2021,South,Alabama,Birmingham,Women's Apparel,$27.00 ,144.0,3888.0,"$2,216 ",57%,Outlet,Roddy Speechley,16,Accessory,Moderation
Kohl's,1189833,1/21/2021,Midwest,Montana,Billings,Men's Street Footwear,$39.00 ,150.0,5850.0,"$3,335 ",57%,Online,Gigi Bohling,8,Mix,Youth
Kohl's,1185732,4/7/2021,Northeast,New Jersey,Newark,Men's Apparel,$45.00 ,100.0,45000.0,"$13,500 ",30%,In-store,Gunar Cockshoot,15,Youth,Convenience
Amazon,1185732,1/21/2021,Northeast,Vermont,Burlington,Women's Street Footwear,$28.00 ,101.0,2828.0,"$1,018 ",36%,Outlet,Andria Kimpton,22,Accessory,Regular
Walmart,1128299,11/10/2021,West,Hawaii,Honolulu,Men's Street Footwear,$51.00 ,158.0,8058.0,"$2,981 ",37%,Online,Dotty Strutley,14,Youth,All Season
Kohl's,1189833,3/9/2021,West,California,San Francisco,Women's Street Footwear,$41.00 ,189.0,7749.0,"$4,029 ",52%,Online,Curtice Advani,18,Mix,Convenience
Kohl's,1185732,12/10/2021,West,Wyoming,Cheyenne,Men's Street Footwear,$55.00 ,800.0,440000.0,"$220,000 ",50%,In-store,Van Tuxwell,13,Youth,Regular
Sports Direct,1185732,3/8/2021,Midwest,North Dakota,Fargo,Women's Apparel,$30.00 ,225.0,67500.0,"$27,000 ",40%,Online,Ches Bonnell,13,Urban,All Season
Walmart,1197831,8/17/2020,South,Texas,Houston,Women's Apparel,$37.00 ,276.0,10212.0,"$6,434 ",63%,Online,Wilone O'Kielt,7,Urban,Regular
Foot Locker,1185732,6/4/2021,Midwest,Nebraska,Omaha,Women's Street Footwear,$30.00 ,150.0,45000.0,"$15,750 ",35%,Outlet,Jan Morforth,9,Rural,Select
Sports Direct,1197831,8/15/2021,South,Texas,Dallas,Men's Apparel,$40.00 ,375.0,150000.0,"$37,500 ",25%,Outlet,Gigi Bohling,10,Youth,Moderation
Walmart,1128299,9/11/2021,West,Hawaii,Honolulu,Men's Apparel,$71.00 ,91.0,6461.0,"$1,938 ",30%,Online,Jehu Rudeforth,13,Mix,Convenience
West Gear,1185732,4/3/2021,Midwest,Wisconsin,Milwaukee,Women's Street Footwear,$9.00 ,41.0,369.0,$159 ,43%,Online,Barr Faughny,13,Accessory,All Season
Foot Locker,1185732,9/6/2021,Northeast,Rhode Island,Providence,Women's Apparel,$52.00 ,58.0,3016.0,"$1,538 ",51%,Online,Dennison Crosswaite,5,Mix,Moderation
Foot Locker,1185732,5/7/2021,Midwest,Iowa,Des Moines,Men's Apparel,$45.00 ,150.0,67500.0,"$33,750 ",50%,In-store,Roddy Speechley,20,Youth,Extreme
Foot Locker,1185732,7/7/2021,Midwest,Illinois,Chicago,Men's Athletic Footwear,$45.00 ,325.0,146250.0,"$51,188 ",35%,Outlet,Roddy Speechley,12,Mix,Convenience
Foot Locker,1185732,1/6/2021,Midwest,North Dakota,Fargo,Men's Street Footwear,$27.00 ,113.0,3051.0,"$1,373 ",45%,Online,Ches Bonnell,11,Rural,Extreme
Kohl's,1128299,2/26/2021,West,Arizona,Phoenix,Men's Athletic Footwear,$44.00 ,106.0,4664.0,"$2,565 ",55%,Online,Mallorie Waber,5,Rural,Select
Kohl's,1128299,7/25/2021,West,New Mexico,Albuquerque,Women's Street Footwear,$60.00 ,550.0,330000.0,"$115,500 ",35%,Online,Dennison Crosswaite,17,Mix,All Season
Foot Locker,1185732,12/16/2021,Northeast,Pennsylvania,Philadelphia,Men's Athletic Footwear,$50.00 ,225.0,112500.0,"$33,750 ",30%,Outlet,Mallorie Waber,5,Youth,Extreme
West Gear,1185732,5/11/2021,Midwest,Indiana,Indianapolis,Women's Street Footwear,$35.00 ,225.0,78750.0,"$27,563 ",35%,In-store,Curtice Advani,20,Youth,Select
West Gear,1128299,1/20/2020,West,Nevada,Las Vegas,Men's Street Footwear,$60.00 ,550.0,330000.0,"$132,000 ",40%,Outlet,Kaine Padly,6,Mix,Regular
Foot Locker,1185732,2/12/2021,Midwest,Kansas,Wichita,Men's Street Footwear,$37.00 ,158.0,5846.0,"$2,923 ",50%,Online,Dennison Crosswaite,13,Accessory,Accessory
West Gear,1185732,1/11/2021,Midwest,Missouri,St. Louis,Men's Athletic Footwear,$23.00 ,133.0,3059.0,"$1,438 ",47%,Online,Andria Kimpton,4,Urban,Accessory
West Gear,1185732,9/8/2021,Northeast,New York,Albany,Men's Street Footwear,$55.00 ,850.0,467500.0,"$210,375 ",45%,In-store,Rafaelita Blaksland,5,Urban,Regular
Foot Locker,1185732,12/20/2021,Northeast,Maryland,Baltimore,Women's Athletic Footwear,$49.00 ,44.0,2156.0,"$1,013 ",47%,Online,Rafaelita Blaksland,20,Accessory,Select
West Gear,1197831,5/5/2021,West,Idaho,Boise,Women's Apparel,$45.00 ,750.0,337500.0,"$168,750 ",50%,Online,Andria Kimpton,12,Rural,Accessory
Sports Direct,1197831,8/9/2021,South,Alabama,Birmingham,Women's Street Footwear,$35.00 ,425.0,148750.0,"$59,500 ",40%,Outlet,Mallorie Waber,18,Urban,Productivity
Kohl's,1128299,5/27/2021,West,New Mexico,Albuquerque,Men's Street Footwear,$55.00 ,575.0,316250.0,"$110,688 ",35%,Online,Kelci Walkden,7,Mix,Youth
West Gear,1128299,11/24/2021,West,Oregon,Portland,Men's Athletic Footwear,$37.00 ,202.0,7474.0,"$2,915 ",39%,Outlet,Van Tuxwell,8,Youth,Convenience
Kohl's,1128299,2/26/2021,West,Arizona,Phoenix,Women's Street Footwear,$35.00 ,132.0,4620.0,"$1,848 ",40%,Outlet,Andria Kimpton,7,Accessory,Moderation
Foot Locker,1128299,1/24/2021,West,Wyoming,Cheyenne,Men's Street Footwear,$30.00 ,350.0,105000.0,"$36,750 ",35%,In-store,Curtice Advani,11,Urban,Extreme
West Gear,1197831,6/21/2021,South,Oklahoma,Oklahoma City,Women's Athletic Footwear,$40.00 ,300.0,120000.0,"$48,000 ",40%,Online,Curtice Advani,15,Accessory,Youth
Amazon,1185732,11/21/2021,West,Alaska,Anchorage,Men's Street Footwear,$68.00 ,123.0,8364.0,"$4,015 ",48%,Online,Jehu Rudeforth,14,Rural,Convenience
Kohl's,1128299,6/26/2021,West,New Mexico,Albuquerque,Women's Street Footwear,$60.00 ,550.0,330000.0,"$115,500 ",35%,Online,Mallorie Waber,9,Urban,Moderation
West Gear,1128299,2/4/2021,West,California,San Francisco,Women's Apparel,$63.00 ,196.0,12348.0,"$2,840 ",23%,Online,Jehu Rudeforth,15,Rural,Extreme
Foot Locker,1185732,6/8/2021,Northeast,Rhode Island,Providence,Women's Athletic Footwear,$40.00 ,200.0,80000.0,"$32,000 ",40%,In-store,Karlen McCaffrey,11,Youth,Convenience
Sports Direct,1185732,5/24/2020,Southeast,Florida,Miami,Men's Street Footwear,$65.00 ,1075.0,698750.0,"$314,438 ",45%,In-store,Rafaelita Blaksland,14,Youth,Regular
Sports Direct,1197831,9/19/2021,South,Texas,Dallas,Women's Athletic Footwear,$32.00 ,201.0,6432.0,"$3,538 ",55%,Outlet,Jan Morforth,19,Rural,Extreme
Foot Locker,1128299,3/22/2021,West,Arizona,Phoenix,Women's Street Footwear,$37.00 ,119.0,4403.0,"$1,805 ",41%,Outlet,Brien Boise,5,Mix,Convenience
Walmart,1197831,6/21/2021,South,Arkansas,Little Rock,Women's Street Footwear,$38.00 ,104.0,3952.0,"$2,134 ",54%,Online,Wilone O'Kielt,2,Youth,Select
Sports Direct,1197831,3/30/2021,South,Tennessee,Knoxville,Women's Street Footwear,$20.00 ,500.0,100000.0,"$40,000 ",40%,Outlet,Dotty Strutley,5,Rural,Select
Sports Direct,1197831,9/27/2021,South,Texas,Dallas,Women's Apparel,$56.00 ,233.0,13048.0,"$9,134 ",70%,Online,Gunar Cockshoot,17,Urban,Youth
Kohl's,1128299,1/26/2021,West,Arizona,Phoenix,Men's Apparel,$45.00 ,80.0,3600.0,"$1,476 ",41%,Online,Karlen McCaffrey,12,Urban,Youth
Foot Locker,1185732,8/18/2021,Midwest,Missouri,St. Louis,Women's Athletic Footwear,$24.00 ,91.0,2184.0,"$1,201 ",55%,Online,Jan Morforth,11,Mix,Accessory
Foot Locker,1185732,10/12/2021,Midwest,South Dakota,Sioux Falls,Women's Street Footwear,$43.00 ,42.0,1806.0,$722 ,40%,Online,Gunar Cockshoot,1,Urban,Moderation
Kohl's,1128299,1/26/2021,West,Arizona,Phoenix,Men's Street Footwear,$27.00 ,152.0,4104.0,"$1,683 ",41%,Outlet,Gigi Bohling,10,Rural,Regular
Foot Locker,1128299,1/23/2021,West,Idaho,Boise,Women's Apparel,$36.00 ,111.0,3996.0,"$1,399 ",35%,Online,Madelene Upcott,2,Youth,Extreme
West Gear,1185732,10/3/2021,Midwest,Wisconsin,Milwaukee,Men's Apparel,$45.00 ,125.0,56250.0,"$28,125 ",50%,In-store,Gigi Bohling,16,Mix,Youth
Foot Locker,1185732,1/5/2020,Northeast,New York,New York,Men's Apparel,$55.00 ,234.0,12870.0,"$5,148 ",40%,Online,Karlen McCaffrey,12,Mix,Convenience
West Gear,1185732,8/3/2021,Midwest,Wisconsin,Milwaukee,Women's Street Footwear,$40.00 ,225.0,90000.0,"$27,000 ",30%,In-store,Barr Faughny,7,Accessory,Select
Foot Locker,1185732,2/18/2021,Midwest,Michigan,Detroit,Men's Athletic Footwear,$28.00 ,94.0,2632.0,"$1,290 ",49%,Online,Barr Faughny,1,Youth,Productivity
Kohl's,1189833,4/28/2021,West,California,Los Angeles,Women's Athletic Footwear,$45.00 ,650.0,292500.0,"$102,375 ",35%,Outlet,Barr Faughny,11,Youth,Select
Amazon,1185732,11/13/2021,Northeast,Maine,Portland,Women's Street Footwear,$45.00 ,200.0,90000.0,"$36,000 ",40%,Outlet,Mallorie Waber,10,Rural,Accessory
West Gear,1185732,8/11/2021,West,Utah,Salt Lake City,Men's Apparel,$29.00 ,105.0,3045.0,"$1,401 ",46%,Online,Mallorie Waber,3,Urban,Convenience
Foot Locker,1185732,8/6/2021,Midwest,Iowa,Des Moines,Men's Athletic Footwear,$45.00 ,300.0,135000.0,"$47,250 ",35%,In-store,Barr Faughny,18,Rural,Productivity
West Gear,1185732,2/10/2021,Midwest,Indiana,Indianapolis,Women's Apparel,$19.00 ,75.0,1425.0,$727 ,51%,Online,Kelci Walkden,16,Rural,Youth
Kohl's,1189833,4/9/2021,West,California,Los Angeles,Women's Street Footwear,$38.00 ,206.0,7828.0,"$3,679 ",47%,Outlet,Andria Kimpton,4,Rural,Moderation
Sports Direct,1185732,7/20/2021,Northeast,Maryland,Baltimore,Women's Street Footwear,$37.00 ,60.0,2220.0,"$1,088 ",49%,Online,Roddy Speechley,14,Accessory,Accessory
Foot Locker,1128299,5/24/2021,West,Arizona,Phoenix,Men's Street Footwear,$38.00 ,184.0,6992.0,"$2,657 ",38%,Outlet,Kaine Padly,1,Rural,Convenience
West Gear,1185732,3/10/2021,West,Utah,Salt Lake City,Men's Apparel,$40.00 ,300.0,120000.0,"$42,000 ",35%,In-store,Gunar Cockshoot,16,Urban,Regular
West Gear,1185732,6/17/2021,Northeast,West Virginia,Charleston,Women's Street Footwear,$35.00 ,300.0,105000.0,"$42,000 ",40%,In-store,Wilone O'Kielt,9,Accessory,Accessory
Foot Locker,1185732,6/20/2021,Midwest,Nebraska,Omaha,Men's Street Footwear,$36.00 ,120.0,4320.0,"$2,290 ",53%,Online,Curtice Advani,11,Youth,Productivity
Amazon,1185732,9/23/2021,Southeast,Kentucky,Louisville,Men's Athletic Footwear,$44.00 ,94.0,4136.0,"$2,027 ",49%,Online,Beverie Moffet,1,Youth,Youth
West Gear,1185732,5/20/2021,Northeast,Maryland,Baltimore,Women's Street Footwear,$40.00 ,150.0,60000.0,"$21,000 ",35%,In-store,Gigi Bohling,7,Youth,All Season
West Gear,1128299,4/28/2020,West,Colorado,Denver,Women's Street Footwear,$67.00 ,143.0,9581.0,"$5,461 ",57%,Online,Curtice Advani,9,Rural,Extreme
Foot Locker,1185732,1/27/2020,Northeast,New York,New York,Women's Street Footwear,$40.00 ,950.0,380000.0,"$133,000 ",35%,Outlet,Brien Boise,14,Rural,Moderation
Kohl's,1189833,3/18/2021,West,California,Los Angeles,Women's Apparel,$41.00 ,176.0,7216.0,"$2,165 ",30%,Online,Van Tuxwell,8,Youth,All Season
Sports Direct,1197831,4/5/2021,South,Tennessee,Knoxville,Women's Street Footwear,$20.00 ,600.0,120000.0,"$48,000 ",40%,Outlet,Camilla Castle,11,Rural,Moderation
West Gear,1128299,4/17/2021,South,Louisiana,New Orleans,Women's Athletic Footwear,$27.00 ,91.0,2457.0,"$1,106 ",45%,Outlet,Beverie Moffet,5,Urban,Youth
Sports Direct,1185732,7/13/2021,Northeast,Massachusetts,Boston,Men's Athletic Footwear,$36.00 ,105.0,3780.0,"$1,399 ",37%,Outlet,Roddy Speechley,10,Rural,Youth
Kohl's,1189833,1/16/2021,Midwest,Montana,Billings,Men's Athletic Footwear,$43.00 ,101.0,4343.0,"$1,954 ",45%,Online,Jehu Rudeforth,10,Youth,All Season
West Gear,1128299,1/10/2021,Northeast,Maine,Portland,Men's Street Footwear,$35.00 ,375.0,131250.0,"$32,813 ",25%,Outlet,Karlen McCaffrey,9,Youth,All Season
West Gear,1128299,3/29/2020,West,Colorado,Denver,Women's Street Footwear,$55.00 ,400.0,220000.0,"$77,000 ",35%,In-store,Ches Bonnell,6,Rural,Youth
Foot Locker,1185732,6/3/2021,West,California,Los Angeles,Women's Athletic Footwear,$27.00 ,41.0,1107.0,$509 ,46%,Outlet,Barr Faughny,13,Accessory,All Season
Walmart,1185732,8/17/2021,South,Mississippi,Jackson,Women's Apparel,$53.00 ,169.0,8957.0,"$5,822 ",65%,Online,Beverie Moffet,15,Youth,Convenience
Foot Locker,1185732,8/1/2021,Midwest,Illinois,Chicago,Women's Street Footwear,$50.00 ,195.0,97500.0,"$34,125 ",35%,Outlet,Kaine Padly,9,Youth,Youth
Foot Locker,1128299,12/16/2021,South,Louisiana,New Orleans,Women's Street Footwear,$53.00 ,192.0,10176.0,"$4,376 ",43%,Outlet,Ches Bonnell,16,Accessory,Select
West Gear,1128299,2/14/2020,West,Nevada,Las Vegas,Men's Athletic Footwear,$70.00 ,650.0,455000.0,"$113,750 ",25%,In-store,Oby Sorrel,22,Youth,All Season
Foot Locker,1185732,10/22/2021,South,Texas,Dallas,Men's Street Footwear,$34.00 ,128.0,4352.0,"$2,698 ",62%,Outlet,Kaine Padly,6,Mix,Youth
Kohl's,1185732,10/8/2021,Northeast,New Jersey,Newark,Men's Street Footwear,$53.00 ,119.0,6307.0,"$2,901 ",46%,Online,Van Tuxwell,15,Urban,Youth
Sports Direct,1185732,7/8/2021,Midwest,North Dakota,Fargo,Women's Athletic Footwear,$40.00 ,175.0,70000.0,"$21,000 ",30%,In-store,Jehu Rudeforth,14,Rural,Regular
Kohl's,1128299,3/25/2021,West,New Mexico,Albuquerque,Men's Apparel,$60.00 ,175.0,105000.0,"$31,500 ",30%,Online,Karlen McCaffrey,8,Urban,Select
West Gear,1185732,7/8/2021,Northeast,New York,Albany,Women's Apparel,$70.00 ,775.0,542500.0,"$271,250 ",50%,In-store,Ches Bonnell,17,Mix,All Season
Amazon,1185732,10/12/2021,Northeast,Vermont,Burlington,Men's Street Footwear,$62.00 ,133.0,8246.0,"$4,948 ",60%,Online,Curtice Advani,9,Accessory,Moderation
Foot Locker,1185732,12/8/2021,Midwest,North Dakota,Fargo,Women's Street Footwear,$50.00 ,250.0,125000.0,"$37,500 ",30%,In-store,Kaine Padly,10,Accessory,Youth
Foot Locker,1185732,1/10/2021,Northeast,Connecticut,Hartford,Women's Apparel,$26.00 ,72.0,1872.0,$880 ,47%,Outlet,Karlen McCaffrey,4,Urban,Regular
Kohl's,1185732,4/11/2021,West,Wyoming,Cheyenne,Women's Apparel,$36.00 ,149.0,5364.0,"$1,877 ",35%,Online,Oby Sorrel,15,Mix,Productivity
Kohl's,1189833,3/22/2021,West,California,Los Angeles,Women's Athletic Footwear,$36.00 ,176.0,6336.0,"$2,471 ",39%,Outlet,Van Tuxwell,13,Urban,Regular
Sports Direct,1128299,9/14/2021,Southeast,Georgia,Atlanta,Men's Athletic Footwear,$50.00 ,600.0,300000.0,"$120,000 ",40%,Online,Van Tuxwell,14,Rural,Moderation
Sports Direct,1185732,1/6/2021,Southeast,South Carolina,Charleston,Men's Apparel,$42.00 ,156.0,6552.0,"$3,014 ",46%,Online,Curtice Advani,20,Rural,Convenience
Kohl's,1197831,10/14/2021,Midwest,Kansas,Wichita,Women's Street Footwear,$20.00 ,200.0,40000.0,"$14,000 ",35%,Online,Wilone O'Kielt,4,Mix,Extreme
Foot Locker,1185732,3/18/2020,Northeast,New York,New York,Women's Street Footwear,$37.00 ,314.0,11618.0,"$4,299 ",37%,Outlet,Dotty Strutley,11,Rural,Youth
Amazon,1185732,2/19/2021,Northeast,Vermont,Burlington,Women's Street Footwear,$40.00 ,300.0,120000.0,"$36,000 ",30%,In-store,Camilla Castle,2,Accessory,Moderation
Kohl's,1128299,10/26/2021,West,New Mexico,Albuquerque,Men's Apparel,$41.00 ,114.0,4674.0,"$1,542 ",33%,Outlet,Wilone O'Kielt,15,Accessory,Youth
Sports Direct,1185732,7/15/2021,Midwest,Michigan,Detroit,Men's Street Footwear,$60.00 ,900.0,540000.0,"$270,000 ",50%,In-store,Curtice Advani,8,Rural,Extreme
Foot Locker,1185732,7/27/2021,Midwest,Illinois,Chicago,Women's Athletic Footwear,$47.00 ,33.0,1551.0,$791 ,51%,Online,Van Tuxwell,2,Youth,Extreme
Foot Locker,1185732,11/20/2021,Northeast,Pennsylvania,Philadelphia,Women's Apparel,$70.00 ,250.0,175000.0,"$52,500 ",30%,Outlet,Mallorie Waber,2,Youth,Convenience
Foot Locker,1185732,5/16/2021,South,Mississippi,Jackson,Women's Athletic Footwear,$33.00 ,101.0,3333.0,"$1,700 ",51%,Online,Barr Faughny,15,Youth,Convenience
West Gear,1185732,9/12/2021,West,Utah,Salt Lake City,Men's Apparel,$16.00 ,114.0,1824.0,$748 ,41%,Outlet,Gigi Bohling,9,Accessory,Accessory
Amazon,1185732,4/11/2021,Northeast,Vermont,Burlington,Men's Street Footwear,$45.00 ,525.0,236250.0,"$106,313 ",45%,In-store,Curtice Advani,11,Rural,Youth
West Gear,1128299,4/17/2021,South,Louisiana,New Orleans,Men's Athletic Footwear,$55.00 ,325.0,178750.0,"$71,500 ",40%,In-store,Gigi Bohling,4,Urban,Productivity
Foot Locker,1185732,6/6/2021,Midwest,Nebraska,Omaha,Men's Apparel,$50.00 ,50.0,25000.0,"$8,750 ",35%,Outlet,Roddy Speechley,7,Mix,Convenience
Walmart,1185732,10/18/2021,South,Mississippi,Jackson,Men's Street Footwear,$24.00 ,216.0,5184.0,"$2,385 ",46%,Outlet,Gunar Cockshoot,11,Urban,Convenience
Foot Locker,1185732,11/21/2021,Northeast,Maryland,Baltimore,Men's Street Footwear,$58.00 ,88.0,5104.0,"$2,807 ",55%,Online,Madelene Upcott,3,Rural,Select
Foot Locker,1185732,3/3/2020,Northeast,New York,New York,Women's Apparel,$65.00 ,1000.0,650000.0,"$162,500 ",25%,Outlet,Jehu Rudeforth,17,Youth,Accessory
Foot Locker,1185732,2/6/2021,Midwest,Iowa,Des Moines,Men's Apparel,$40.00 ,150.0,60000.0,"$30,000 ",50%,In-store,Dennison Crosswaite,4,Accessory,Regular
Sports Direct,1197831,4/29/2021,South,Tennessee,Knoxville,Women's Street Footwear,$54.00 ,182.0,9828.0,"$5,799 ",59%,Online,Kaine Padly,15,Rural,Youth
Foot Locker,1197831,12/12/2021,Midwest,Kansas,Wichita,Men's Street Footwear,$70.00 ,600.0,420000.0,"$147,000 ",35%,Online,Andria Kimpton,9,Rural,Extreme
Foot Locker,1185732,7/2/2021,Midwest,Illinois,Chicago,Women's Street Footwear,$40.00 ,200.0,80000.0,"$28,000 ",35%,Outlet,Dotty Strutley,21,Youth,Productivity
Sports Direct,1185732,12/6/2021,Northeast,Rhode Island,Providence,Men's Apparel,$41.00 ,74.0,3034.0,"$1,123 ",37%,Outlet,Husein Augar,11,Urban,All Season
Sports Direct,1197831,7/31/2020,South,Texas,Houston,Men's Street Footwear,$30.00 ,875.0,262500.0,"$91,875 ",35%,Outlet,Ches Bonnell,7,Mix,All Season
Sports Direct,1197831,5/1/2021,South,Tennessee,Knoxville,Men's Apparel,$47.00 ,120.0,5640.0,"$2,876 ",51%,Online,Kaine Padly,9,Youth,Select
Kohl's,1189833,3/8/2021,Midwest,Montana,Billings,Men's Apparel,$53.00 ,120.0,6360.0,"$4,643 ",73%,Online,Jehu Rudeforth,11,Mix,Productivity
West Gear,1185732,5/18/2021,Northeast,West Virginia,Charleston,Women's Athletic Footwear,$33.00 ,50.0,1650.0,$908 ,55%,Online,Oby Sorrel,12,Youth,Productivity
Sports Direct,1197831,9/9/2021,South,Alabama,Birmingham,Women's Athletic Footwear,$44.00 ,173.0,7612.0,"$5,633 ",74%,Online,Marney O'Breen,13,Mix,Extreme
Walmart,1197831,8/26/2020,South,Texas,Houston,Women's Street Footwear,$40.00 ,1100.0,440000.0,"$154,000 ",35%,Outlet,Jan Morforth,10,Accessory,All Season
Amazon,1185732,12/17/2021,Northeast,Maine,Portland,Women's Athletic Footwear,$55.00 ,200.0,110000.0,"$33,000 ",30%,Outlet,Jan Morforth,19,Accessory,All Season
Kohl's,1197831,6/14/2021,Midwest,Kansas,Wichita,Men's Athletic Footwear,$32.00 ,94.0,3008.0,"$1,444 ",48%,Online,Mallorie Waber,11,Urban,Extreme
Kohl's,1189833,5/21/2021,West,California,Los Angeles,Women's Street Footwear,$47.00 ,169.0,7943.0,"$3,972 ",50%,Online,Dotty Strutley,2,Youth,Accessory
Sports Direct,1128299,5/14/2021,Southeast,Georgia,Atlanta,Women's Street Footwear,$55.00 ,425.0,233750.0,"$81,813 ",35%,Online,Gigi Bohling,12,Youth,Extreme
Sports Direct,1185732,9/20/2021,Northeast,Maryland,Baltimore,Men's Athletic Footwear,$45.00 ,225.0,101250.0,"$35,438 ",35%,In-store,Roddy Speechley,17,Youth,Regular
West Gear,1185732,5/8/2021,Northeast,New York,Albany,Women's Athletic Footwear,$50.00 ,500.0,250000.0,"$75,000 ",30%,In-store,Gunar Cockshoot,15,Accessory,Convenience
West Gear,1185732,11/9/2021,Northeast,New York,Albany,Women's Apparel,$70.00 ,650.0,455000.0,"$227,500 ",50%,In-store,Oby Sorrel,2,Accessory,Productivity
Kohl's,1185732,9/6/2021,Northeast,New Jersey,Newark,Men's Street Footwear,$50.00 ,475.0,237500.0,"$83,125 ",35%,In-store,Andria Kimpton,12,Youth,All Season
Foot Locker,1185732,1/1/2020,Northeast,New York,New York,Men's Street Footwear,$50.00 ,1200.0,600000.0,"$300,000 ",50%,In-store,Dennison Crosswaite,21,Rural,Moderation
Sports Direct,1197831,10/10/2021,South,Texas,Dallas,Men's Street Footwear,$40.00 ,725.0,290000.0,"$116,000 ",40%,Outlet,Mallorie Waber,14,Accessory,Youth
West Gear,1185732,4/24/2020,Southeast,Florida,Miami,Men's Athletic Footwear,$54.00 ,206.0,11124.0,"$5,451 ",49%,Online,Kelci Walkden,7,Rural,Regular
Kohl's,1189833,5/12/2021,West,California,Los Angeles,Women's Apparel,$65.00 ,700.0,455000.0,"$91,000 ",20%,Outlet,Roddy Speechley,8,Urban,Extreme
Foot Locker,1185732,11/18/2021,Midwest,Missouri,St. Louis,Women's Street Footwear,$23.00 ,80.0,1840.0,$902 ,49%,Online,Beverie Moffet,8,Mix,Productivity
Walmart,1185732,4/17/2020,Northeast,New York,New York,Men's Apparel,$54.00 ,270.0,14580.0,"$6,561 ",45%,Online,Madelene Upcott,7,Mix,Select
West Gear,1128299,2/3/2021,West,California,San Francisco,Men's Apparel,$50.00 ,221.0,11050.0,"$5,194 ",47%,Outlet,Kelci Walkden,10,Rural,Moderation
Foot Locker,1185732,8/9/2020,West,Washington,Seattle,Women's Athletic Footwear,$38.00 ,175.0,6650.0,"$2,660 ",40%,Online,Van Tuxwell,14,Youth,Select
West Gear,1128299,1/31/2020,West,Nevada,Las Vegas,Women's Apparel,$78.00 ,131.0,10218.0,"$3,576 ",35%,Online,Jan Morforth,18,Rural,Moderation
Kohl's,1189833,5/16/2021,West,California,Los Angeles,Women's Athletic Footwear,$48.00 ,175.0,8400.0,"$3,780 ",45%,Online,Oby Sorrel,22,Urban,Moderation
Kohl's,1185732,10/12/2021,West,Wyoming,Cheyenne,Women's Apparel,$60.00 ,600.0,360000.0,"$90,000 ",25%,In-store,Camilla Castle,11,Urban,All Season
West Gear,1185732,11/9/2021,Northeast,New York,Albany,Women's Street Footwear,$45.00 ,147.0,6615.0,"$2,381 ",36%,Online,Gunar Cockshoot,4,Youth,Moderation
Walmart,1128299,7/16/2021,Southeast,Florida,Orlando,Men's Athletic Footwear,$88.00 ,225.0,19800.0,"$7,920 ",40%,Online,Gigi Bohling,18,Accessory,All Season
Foot Locker,1185732,11/10/2020,Midwest,Minnesota,Minneapolis,Men's Street Footwear,$48.00 ,116.0,5568.0,"$2,617 ",47%,Online,Gunar Cockshoot,5,Urban,Accessory
Foot Locker,1185732,2/8/2021,Northeast,Connecticut,Hartford,Men's Street Footwear,$35.00 ,475.0,166250.0,"$58,188 ",35%,In-store,Brien Boise,9,Mix,Convenience
Sports Direct,1197831,9/13/2021,South,Alabama,Birmingham,Men's Athletic Footwear,$39.00 ,233.0,9087.0,"$4,907 ",54%,Outlet,Jehu Rudeforth,6,Mix,Accessory
Amazon,1185732,6/11/2021,Midwest,Ohio,Columbus,Men's Athletic Footwear,$41.00 ,138.0,5658.0,"$2,603 ",46%,Online,Van Tuxwell,3,Rural,All Season
Foot Locker,1128299,2/24/2021,Southeast,Virginia,Richmond,Men's Apparel,$29.00 ,39.0,1131.0,$509 ,45%,Outlet,Roddy Speechley,21,Youth,All Season
Sports Direct,1185732,8/14/2021,Northeast,Massachusetts,Boston,Women's Athletic Footwear,$31.00 ,58.0,1798.0,$503 ,28%,Outlet,Kaine Padly,6,Mix,Productivity
West Gear,1185732,11/3/2021,Midwest,Wisconsin,Milwaukee,Women's Apparel,$61.00 ,75.0,4575.0,"$2,333 ",51%,Online,Camilla Castle,19,Accessory,All Season
Sports Direct,1197831,10/6/2021,South,Alabama,Birmingham,Men's Street Footwear,$60.00 ,775.0,465000.0,"$232,500 ",50%,Outlet,Camilla Castle,10,Mix,Convenience
Foot Locker,1185732,8/18/2021,Midwest,Missouri,St. Louis,Men's Apparel,$35.00 ,300.0,105000.0,"$36,750 ",35%,In-store,Jan Morforth,4,Urban,Convenience
Kohl's,1128299,2/26/2021,West,Arizona,Phoenix,Men's Street Footwear,$27.00 ,173.0,4671.0,"$1,868 ",40%,Outlet,Kelci Walkden,14,Urban,Youth
Kohl's,1185732,2/12/2021,West,Wyoming,Cheyenne,Women's Athletic Footwear,$35.00 ,425.0,148750.0,"$52,063 ",35%,In-store,Rafaelita Blaksland,2,Youth,Youth
Foot Locker,1185732,9/19/2021,Midwest,Missouri,St. Louis,Women's Athletic Footwear,$15.00 ,275.0,41250.0,"$16,500 ",40%,In-store,Brien Boise,10,Youth,All Season
Foot Locker,1185732,5/7/2021,Midwest,Iowa,Des Moines,Women's Apparel,$50.00 ,275.0,137500.0,"$55,000 ",40%,In-store,Madelene Upcott,1,Youth,Convenience
Foot Locker,1128299,10/24/2021,Southeast,Virginia,Richmond,Women's Apparel,$59.00 ,102.0,6018.0,"$2,648 ",44%,Online,Andria Kimpton,5,Youth,Extreme
Sports Direct,1197831,8/22/2021,South,Texas,Dallas,Women's Apparel,$35.00 ,500.0,175000.0,"$78,750 ",45%,Outlet,Ches Bonnell,7,Mix,Select
Foot Locker,1128299,1/23/2021,West,Idaho,Boise,Men's Street Footwear,$23.00 ,136.0,3128.0,"$1,251 ",40%,Outlet,Husein Augar,18,Urban,All Season
Foot Locker,1185732,9/19/2021,Midwest,Missouri,St. Louis,Men's Athletic Footwear,$30.00 ,400.0,120000.0,"$42,000 ",35%,In-store,Marney O'Breen,7,Urban,Accessory
West Gear,1197831,3/19/2021,South,Oklahoma,Oklahoma City,Women's Athletic Footwear,$20.00 ,125.0,25000.0,"$10,000 ",40%,Online,Husein Augar,4,Youth,Regular
West Gear,1128299,4/4/2020,West,Colorado,Denver,Women's Street Footwear,$61.00 ,113.0,6893.0,"$3,447 ",50%,Online,Kelci Walkden,3,Rural,Convenience
West Gear,1128299,12/23/2021,West,Oregon,Portland,Men's Apparel,$54.00 ,157.0,8478.0,"$3,985 ",47%,Outlet,Jan Morforth,11,Mix,Select
Kohl's,1189833,5/6/2021,West,California,Los Angeles,Women's Apparel,$61.00 ,189.0,11529.0,"$4,035 ",35%,Online,Ches Bonnell,13,Rural,Moderation
West Gear,1185732,5/11/2021,Midwest,Indiana,Indianapolis,Men's Athletic Footwear,$40.00 ,250.0,100000.0,"$40,000 ",40%,In-store,Van Tuxwell,8,Urban,Productivity
Sports Direct,1185732,11/17/2021,South,Mississippi,Jackson,Women's Apparel,$75.00 ,525.0,393750.0,"$196,875 ",50%,Online,Beverie Moffet,2,Mix,Regular
Amazon,1185732,11/14/2021,Northeast,Massachusetts,Boston,Men's Street Footwear,$49.00 ,120.0,5880.0,"$2,058 ",35%,Outlet,Oby Sorrel,2,Mix,Regular
Foot Locker,1185732,8/10/2020,Southeast,Florida,Miami,Men's Apparel,$50.00 ,195.0,9750.0,"$4,875 ",50%,Online,Camilla Castle,16,Accessory,Moderation
Amazon,1185732,8/18/2021,Northeast,New Hampshire,Manchester,Men's Street Footwear,$60.00 ,196.0,11760.0,"$5,998 ",51%,Online,Madelene Upcott,8,Urban,All Season
Foot Locker,1185732,5/19/2021,Midwest,Missouri,St. Louis,Women's Athletic Footwear,$30.00 ,225.0,67500.0,"$27,000 ",40%,In-store,Jan Morforth,18,Rural,Regular
West Gear,1128299,4/1/2020,West,Colorado,Denver,Women's Apparel,$52.00 ,95.0,4940.0,"$1,433 ",29%,Online,Karlen McCaffrey,9,Urban,Accessory
Foot Locker,1185732,7/17/2021,Midwest,Missouri,St. Louis,Women's Apparel,$45.00 ,550.0,247500.0,"$123,750 ",50%,In-store,Gunar Cockshoot,5,Youth,Convenience
Sports Direct,1197831,8/20/2021,South,Texas,Dallas,Women's Athletic Footwear,$28.00 ,136.0,3808.0,"$1,714 ",45%,Outlet,Dotty Strutley,19,Accessory,Youth
Foot Locker,1185732,6/20/2021,Midwest,Illinois,Chicago,Women's Street Footwear,$40.00 ,150.0,60000.0,"$21,000 ",35%,Outlet,Dennison Crosswaite,7,Rural,Youth
Amazon,1185732,12/20/2021,West,Alaska,Anchorage,Men's Street Footwear,$75.00 ,600.0,450000.0,"$157,500 ",35%,Outlet,Brien Boise,5,Urban,Regular
Sports Direct,1197831,3/22/2021,South,Tennessee,Knoxville,Men's Street Footwear,$20.00 ,221.0,4420.0,"$1,901 ",43%,Outlet,Jan Morforth,4,Urban,Moderation
Sports Direct,1197831,10/5/2021,South,Texas,Dallas,Men's Athletic Footwear,$38.00 ,169.0,6422.0,"$3,275 ",51%,Online,Camilla Castle,19,Youth,All Season
Foot Locker,1185732,2/7/2021,Southeast,Georgia,Atlanta,Men's Athletic Footwear,$40.00 ,725.0,290000.0,"$101,500 ",35%,Online,Dennison Crosswaite,1,Urban,All Season
West Gear,1128299,5/18/2021,South,Louisiana,New Orleans,Women's Street Footwear,$37.00 ,136.0,5032.0,"$2,113 ",42%,Outlet,Brien Boise,9,Mix,Regular
Foot Locker,1185732,7/24/2021,Midwest,Nebraska,Omaha,Men's Apparel,$50.00 ,100.0,50000.0,"$17,500 ",35%,Outlet,Andria Kimpton,12,Urban,All Season
West Gear,1185732,5/4/2021,Midwest,Wisconsin,Milwaukee,Men's Street Footwear,$60.00 ,495.0,297000.0,"$89,100 ",30%,In-store,Madelene Upcott,20,Urban,Productivity
Foot Locker,1185732,12/8/2021,Midwest,North Dakota,Fargo,Women's Apparel,$65.00 ,300.0,195000.0,"$78,000 ",40%,In-store,Gunar Cockshoot,15,Accessory,All Season
Kohl's,1128299,10/26/2021,West,New Mexico,Albuquerque,Men's Street Footwear,$35.00 ,171.0,5985.0,"$2,214 ",37%,Outlet,Dotty Strutley,3,Mix,Youth
Foot Locker,1185732,4/6/2021,Midwest,Iowa,Des Moines,Women's Apparel,$50.00 ,250.0,125000.0,"$50,000 ",40%,In-store,Husein Augar,17,Rural,Youth
Kohl's,1197831,3/12/2021,Midwest,Kansas,Wichita,Women's Apparel,$25.00 ,250.0,62500.0,"$21,875 ",35%,Online,Jan Morforth,11,Accessory,Moderation
Foot Locker,1128299,7/9/2021,West,Hawaii,Honolulu,Women's Apparel,$100.00 ,550.0,550000.0,"$220,000 ",40%,Outlet,Camilla Castle,6,Youth,All Season
Walmart,1197831,7/19/2021,South,Arkansas,Little Rock,Women's Street Footwear,$43.00 ,126.0,5418.0,"$2,763 ",51%,Online,Gigi Bohling,19,Rural,Convenience
Kohl's,1128299,2/26/2021,West,Arizona,Phoenix,Men's Street Footwear,$35.00 ,525.0,183750.0,"$64,313 ",35%,Online,Mallorie Waber,20,Youth,Convenience
Sports Direct,1128299,2/13/2021,Southeast,Georgia,Atlanta,Men's Apparel,$45.00 ,175.0,78750.0,"$27,563 ",35%,Online,Dotty Strutley,14,Youth,Select
West Gear,1128299,2/8/2020,West,Nevada,Las Vegas,Men's Athletic Footwear,$46.00 ,204.0,9384.0,"$2,534 ",27%,Outlet,Karlen McCaffrey,18,Rural,Regular
Kohl's,1189833,3/9/2021,Midwest,Montana,Billings,Women's Apparel,$55.00 ,130.0,7150.0,"$2,860 ",40%,Online,Mallorie Waber,11,Youth,Regular
Walmart,1197831,8/20/2021,South,Arkansas,Little Rock,Men's Street Footwear,$60.00 ,750.0,450000.0,"$180,000 ",40%,Online,Wilone O'Kielt,15,Mix,Select
West Gear,1185732,5/20/2021,Northeast,Maryland,Baltimore,Women's Apparel,$55.00 ,250.0,137500.0,"$41,250 ",30%,In-store,Kaine Padly,22,Accessory,Select
West Gear,1185732,1/11/2021,Midwest,Missouri,St. Louis,Women's Apparel,$24.00 ,138.0,3312.0,"$2,120 ",64%,Online,Dotty Strutley,5,Mix,Regular
Sports Direct,1197831,9/5/2021,West,Idaho,Boise,Women's Apparel,$36.00 ,200.0,7200.0,"$4,176 ",58%,Outlet,Husein Augar,7,Mix,Accessory
Sports Direct,1197831,4/1/2021,South,Tennessee,Knoxville,Men's Apparel,$20.00 ,105.0,2100.0,$798 ,38%,Outlet,Andria Kimpton,14,Mix,All Season
Foot Locker,1185732,6/15/2021,Northeast,Delaware,Wilmington,Men's Street Footwear,$55.00 ,650.0,357500.0,"$125,125 ",35%,In-store,Dotty Strutley,6,Accessory,Extreme
Amazon,1185732,4/18/2021,Northeast,New Hampshire,Manchester,Men's Street Footwear,$33.00 ,187.0,6171.0,"$2,592 ",42%,Outlet,Wilone O'Kielt,5,Accessory,Accessory
Foot Locker,1185732,2/18/2021,South,Mississippi,Jackson,Women's Apparel,$20.00 ,160.0,3200.0,"$1,824 ",57%,Outlet,Wilone O'Kielt,14,Youth,All Season
West Gear,1128299,10/24/2021,West,Oregon,Portland,Men's Street Footwear,$38.00 ,102.0,3876.0,"$1,822 ",47%,Online,Kelci Walkden,11,Urban,All Season
Foot Locker,1185732,3/16/2021,South,Mississippi,Jackson,Women's Apparel,$17.00 ,136.0,2312.0,"$1,248 ",54%,Outlet,Jehu Rudeforth,1,Urban,Select
Foot Locker,1128299,8/23/2021,West,Arizona,Phoenix,Men's Athletic Footwear,$60.00 ,575.0,345000.0,"$138,000 ",40%,Online,Rafaelita Blaksland,18,Accessory,Youth
Kohl's,1128299,11/26/2021,West,New Mexico,Albuquerque,Men's Apparel,$70.00 ,375.0,262500.0,"$78,750 ",30%,Online,Camilla Castle,20,Rural,Moderation
Sports Direct,1128299,10/13/2021,Southeast,Georgia,Atlanta,Women's Apparel,$46.00 ,109.0,5014.0,"$1,554 ",31%,Outlet,Wilone O'Kielt,14,Mix,Extreme
Sports Direct,1197831,8/8/2020,South,Texas,Houston,Women's Street Footwear,$35.00 ,725.0,253750.0,"$88,813 ",35%,Outlet,Marney O'Breen,4,Urban,Moderation
Walmart,1185732,4/29/2020,Northeast,New York,New York,Women's Street Footwear,$52.00 ,258.0,13416.0,"$6,440 ",48%,Online,Wilone O'Kielt,8,Accessory,Select
Sports Direct,1185732,9/2/2021,Southeast,North Carolina,Charlotte,Women's Apparel,$45.00 ,700.0,315000.0,"$157,500 ",50%,Online,Jehu Rudeforth,7,Rural,All Season
West Gear,1128299,5/18/2021,South,Louisiana,New Orleans,Men's Athletic Footwear,$40.00 ,128.0,5120.0,"$2,253 ",44%,Outlet,Karlen McCaffrey,22,Urban,Regular
Walmart,1197831,10/23/2020,South,Texas,Houston,Women's Athletic Footwear,$50.00 ,675.0,337500.0,"$151,875 ",45%,Outlet,Wilone O'Kielt,19,Youth,Accessory
Foot Locker,1185732,12/22/2021,Northeast,Pennsylvania,Philadelphia,Men's Athletic Footwear,$43.00 ,68.0,2924.0,"$1,228 ",42%,Outlet,Marney O'Breen,17,Accessory,Productivity
Foot Locker,1185732,11/7/2021,Northeast,Pennsylvania,Philadelphia,Men's Apparel,$58.00 ,20.0,1160.0,$464 ,40%,Online,Oby Sorrel,16,Rural,All Season
Sports Direct,1128299,3/12/2021,Southeast,Georgia,Atlanta,Men's Apparel,$55.00 ,150.0,82500.0,"$28,875 ",35%,Online,Brien Boise,20,Urban,Select
Sports Direct,1197831,8/25/2021,South,Alabama,Birmingham,Men's Street Footwear,$7.00 ,224.0,1568.0,$737 ,47%,Outlet,Madelene Upcott,11,Mix,Productivity
Sports Direct,1128299,3/16/2021,Southeast,Florida,Orlando,Men's Street Footwear,$46.00 ,160.0,7360.0,"$3,018 ",41%,Online,Husein Augar,15,Youth,Extreme
Foot Locker,1185732,5/16/2021,South,Mississippi,Jackson,Men's Apparel,$45.00 ,400.0,180000.0,"$63,000 ",35%,Online,Mallorie Waber,18,Youth,Convenience
West Gear,1128299,3/20/2020,West,Colorado,Denver,Women's Apparel,$40.00 ,475.0,190000.0,"$28,500 ",15%,In-store,Dennison Crosswaite,22,Mix,Convenience
Walmart,1197831,8/12/2020,South,Texas,Houston,Men's Street Footwear,$24.00 ,315.0,7560.0,"$2,948 ",39%,Outlet,Andria Kimpton,18,Urban,Convenience
Sports Direct,1197831,8/21/2021,South,Alabama,Birmingham,Women's Street Footwear,$14.00 ,119.0,1666.0,$983 ,59%,Online,Dennison Crosswaite,10,Youth,All Season
Sports Direct,1185732,10/4/2021,Southeast,North Carolina,Charlotte,Men's Street Footwear,$42.00 ,245.0,10290.0,"$5,557 ",54%,Online,Dennison Crosswaite,21,Youth,Select
Sports Direct,1185732,6/15/2021,Northeast,Massachusetts,Boston,Men's Street Footwear,$55.00 ,575.0,316250.0,"$94,875 ",30%,In-store,Mallorie Waber,11,Urban,Accessory
Sports Direct,1128299,5/14/2021,Southeast,Georgia,Atlanta,Men's Athletic Footwear,$36.00 ,136.0,4896.0,"$2,203 ",45%,Outlet,Oby Sorrel,14,Rural,Select
Foot Locker,1185732,5/16/2021,South,Mississippi,Jackson,Women's Street Footwear,$35.00 ,425.0,148750.0,"$59,500 ",40%,Online,Camilla Castle,3,Accessory,Youth
West Gear,1128299,5/31/2020,West,Washington,Seattle,Women's Apparel,$46.00 ,125.0,5750.0,"$1,783 ",31%,Online,Husein Augar,5,Rural,Accessory
Sports Direct,1185732,12/16/2021,South,Mississippi,Jackson,Women's Street Footwear,$60.00 ,525.0,315000.0,"$126,000 ",40%,Online,Karlen McCaffrey,14,Urban,Productivity
Foot Locker,1128299,7/22/2021,West,Arizona,Phoenix,Men's Athletic Footwear,$40.00 ,163.0,6520.0,"$2,999 ",46%,Outlet,Rafaelita Blaksland,3,Rural,Convenience
Amazon,1185732,10/20/2021,Northeast,Maine,Portland,Women's Street Footwear,$30.00 ,200.0,60000.0,"$24,000 ",40%,Outlet,Husein Augar,6,Youth,All Season
Foot Locker,1185732,3/10/2020,Northeast,New York,New York,Men's Street Footwear,$60.00 ,1275.0,765000.0,"$382,500 ",50%,Outlet,Rafaelita Blaksland,10,Youth,All Season
Kohl's,1128299,7/25/2021,West,New Mexico,Albuquerque,Women's Street Footwear,$58.00 ,160.0,9280.0,"$4,454 ",48%,Online,Brien Boise,10,Urban,Youth
West Gear,1185732,3/20/2021,Northeast,Maryland,Baltimore,Men's Street Footwear,$35.00 ,445.0,155750.0,"$62,300 ",40%,In-store,Brien Boise,21,Rural,Moderation
West Gear,1185732,6/3/2021,Midwest,Wisconsin,Milwaukee,Men's Athletic Footwear,$30.00 ,300.0,90000.0,"$31,500 ",35%,In-store,Kelci Walkden,22,Mix,Productivity
Sports Direct,1197831,9/22/2021,South,Texas,Dallas,Men's Street Footwear,$34.00 ,248.0,8432.0,"$3,626 ",43%,Outlet,Mallorie Waber,21,Mix,Select
Foot Locker,1128299,1/24/2021,West,Wyoming,Cheyenne,Women's Athletic Footwear,$40.00 ,200.0,80000.0,"$28,000 ",35%,In-store,Ches Bonnell,22,Urban,All Season
Walmart,1185732,4/18/2020,Northeast,New York,New York,Women's Apparel,$65.00 ,1075.0,698750.0,"$174,688 ",25%,Outlet,Rafaelita Blaksland,11,Urban,Accessory
Sports Direct,1185732,3/3/2021,Northeast,Connecticut,Hartford,Men's Street Footwear,$26.00 ,182.0,4732.0,"$2,035 ",43%,Outlet,Madelene Upcott,6,Urban,Extreme
West Gear,1185732,2/22/2021,Northeast,Maryland,Baltimore,Men's Apparel,$41.00 ,31.0,1271.0,$572 ,45%,Online,Van Tuxwell,4,Rural,Youth
West Gear,1128299,1/13/2020,West,Nevada,Las Vegas,Women's Apparel,$31.00 ,140.0,4340.0,$998 ,23%,Outlet,Rafaelita Blaksland,14,Urban,Convenience
Kohl's,1185732,5/10/2021,West,Wyoming,Cheyenne,Women's Athletic Footwear,$40.00 ,450.0,180000.0,"$63,000 ",35%,In-store,Brien Boise,13,Accessory,Accessory
Foot Locker,1185732,6/6/2021,Midwest,Nebraska,Omaha,Men's Apparel,$45.00 ,13.0,585.0,$275 ,47%,Online,Ches Bonnell,10,Rural,Convenience
Amazon,1185732,12/10/2021,Northeast,Vermont,Burlington,Women's Street Footwear,$60.00 ,375.0,225000.0,"$78,750 ",35%,In-store,Gunar Cockshoot,13,Mix,Youth
Sports Direct,1185732,10/5/2021,Northeast,Connecticut,Hartford,Men's Athletic Footwear,$55.00 ,275.0,151250.0,"$60,500 ",40%,In-store,Andria Kimpton,19,Youth,Youth
Kohl's,1185732,11/11/2021,West,Wyoming,Cheyenne,Women's Apparel,$60.00 ,575.0,345000.0,"$86,250 ",25%,In-store,Kelci Walkden,18,Mix,Moderation
West Gear,1185732,10/10/2021,Northeast,New York,Albany,Women's Athletic Footwear,$50.00 ,500.0,250000.0,"$75,000 ",30%,In-store,Brien Boise,17,Urban,Select
Kohl's,1197831,4/13/2021,Midwest,Kansas,Wichita,Women's Athletic Footwear,$19.00 ,35.0,665.0,$299 ,45%,Online,Wilone O'Kielt,4,Urban,Convenience
Amazon,1185732,1/14/2021,Northeast,Massachusetts,Boston,Men's Athletic Footwear,$42.00 ,94.0,3948.0,"$2,369 ",60%,Online,Curtice Advani,10,Accessory,Select
Sports Direct,1197831,5/10/2021,South,Tennessee,Knoxville,Men's Athletic Footwear,$29.00 ,189.0,5481.0,"$3,069 ",56%,Online,Curtice Advani,13,Mix,All Season
Foot Locker,1128299,9/24/2021,West,Arizona,Phoenix,Women's Apparel,$60.00 ,425.0,255000.0,"$63,750 ",25%,Online,Mallorie Waber,14,Accessory,Select
Foot Locker,1185732,7/6/2021,Northeast,Rhode Island,Providence,Men's Athletic Footwear,$32.00 ,114.0,3648.0,"$1,350 ",37%,Outlet,Beverie Moffet,21,Urban,Select
Amazon,1185732,5/10/2021,Northeast,Vermont,Burlington,Men's Street Footwear,$55.00 ,154.0,8470.0,"$4,828 ",57%,Online,Mallorie Waber,8,Rural,Convenience
Foot Locker,1197831,8/8/2021,West,Idaho,Boise,Women's Athletic Footwear,$48.00 ,124.0,5952.0,"$3,869 ",65%,Online,Gigi Bohling,16,Mix,All Season
West Gear,1128299,6/24/2021,West,Oregon,Portland,Men's Apparel,$86.00 ,108.0,9288.0,"$4,923 ",53%,Online,Beverie Moffet,22,Rural,Convenience
Foot Locker,1185732,11/26/2020,Midwest,Minnesota,Minneapolis,Men's Apparel,$49.00 ,58.0,2842.0,"$1,165 ",41%,Online,Gunar Cockshoot,19,Rural,Accessory
West Gear,1128299,10/24/2021,West,Oregon,Portland,Men's Apparel,$51.00 ,75.0,3825.0,"$2,066 ",54%,Online,Dennison Crosswaite,5,Accessory,Regular
Sports Direct,1185732,6/9/2021,Midwest,North Dakota,Fargo,Women's Athletic Footwear,$29.00 ,51.0,1479.0,$621 ,42%,Online,Oby Sorrel,18,Mix,Select
West Gear,1128299,3/6/2020,West,Nevada,Las Vegas,Women's Athletic Footwear,$60.00 ,400.0,240000.0,"$72,000 ",30%,In-store,Rafaelita Blaksland,13,Youth,Select
West Gear,1185732,7/2/2021,Midwest,Wisconsin,Milwaukee,Women's Apparel,$55.00 ,375.0,206250.0,"$82,500 ",40%,In-store,Van Tuxwell,14,Mix,Select
Kohl's,1197831,2/14/2021,South,Oklahoma,Oklahoma City,Women's Street Footwear,$11.00 ,90.0,990.0,$386 ,39%,Outlet,Ches Bonnell,10,Accessory,Regular
West Gear,1197831,8/20/2021,South,Oklahoma,Oklahoma City,Men's Athletic Footwear,$51.00 ,113.0,5763.0,"$2,709 ",47%,Online,Camilla Castle,3,Urban,Youth
Sports Direct,1185732,4/9/2021,Midwest,North Dakota,Fargo,Women's Street Footwear,$19.00 ,41.0,779.0,$327 ,42%,Online,Madelene Upcott,20,Youth,Regular
West Gear,1185732,3/2/2021,Midwest,Wisconsin,Milwaukee,Women's Street Footwear,$9.00 ,59.0,531.0,$234 ,44%,Online,Van Tuxwell,13,Rural,Regular
Sports Direct,1197831,8/3/2021,Midwest,Nebraska,Omaha,Women's Street Footwear,$30.00 ,475.0,142500.0,"$57,000 ",40%,Outlet,Van Tuxwell,19,Youth,Select
West Gear,1197831,12/19/2021,South,Arkansas,Little Rock,Women's Apparel,$75.00 ,500.0,375000.0,"$150,000 ",40%,Online,Wilone O'Kielt,5,Mix,Extreme
West Gear,1185732,7/10/2021,West,Utah,Salt Lake City,Women's Apparel,$32.00 ,204.0,6528.0,"$3,590 ",55%,Outlet,Van Tuxwell,20,Mix,Convenience
Sports Direct,1185732,9/10/2021,Midwest,North Dakota,Fargo,Women's Apparel,$44.00 ,63.0,2772.0,"$1,525 ",55%,Online,Wilone O'Kielt,7,Accessory,Convenience
Foot Locker,1197831,10/14/2021,Midwest,Kansas,Wichita,Women's Apparel,$28.00 ,90.0,2520.0,"$1,210 ",48%,Online,Marney O'Breen,11,Rural,Convenience
Sports Direct,1185732,3/8/2021,Midwest,North Dakota,Fargo,Women's Street Footwear,$20.00 ,225.0,45000.0,"$13,500 ",30%,Online,Husein Augar,19,Urban,Productivity
Foot Locker,1128299,5/24/2021,West,Arizona,Phoenix,Men's Apparel,$55.00 ,200.0,110000.0,"$33,000 ",30%,Online,Van Tuxwell,19,Accessory,Select
Sports Direct,1197831,8/28/2021,South,Alabama,Birmingham,Women's Athletic Footwear,$35.00 ,500.0,175000.0,"$96,250 ",55%,Outlet,Mallorie Waber,2,Mix,Productivity
Foot Locker,1185732,7/6/2021,Northeast,Rhode Island,Providence,Men's Apparel,$33.00 ,68.0,2244.0,$763 ,34%,Outlet,Jehu Rudeforth,1,Rural,Accessory
Foot Locker,1185732,3/31/2020,Northeast,New York,New York,Women's Athletic Footwear,$40.00 ,324.0,12960.0,"$5,184 ",40%,Outlet,Beverie Moffet,7,Rural,Accessory
Amazon,1185732,10/20/2021,Northeast,Maine,Portland,Women's Street Footwear,$29.00 ,60.0,1740.0,$922 ,53%,Online,Gigi Bohling,6,Mix,All Season
Kohl's,1128299,10/26/2021,West,New Mexico,Albuquerque,Women's Apparel,$75.00 ,375.0,281250.0,"$70,313 ",25%,Online,Camilla Castle,3,Urban,All Season
Amazon,1185732,8/10/2021,Midwest,Ohio,Columbus,Women's Street Footwear,$55.00 ,575.0,316250.0,"$126,500 ",40%,Online,Brien Boise,11,Rural,Accessory
Foot Locker,1185732,8/4/2021,Midwest,Illinois,Chicago,Women's Apparel,$65.00 ,250.0,162500.0,"$81,250 ",50%,Outlet,Jehu Rudeforth,7,Urban,Moderation
Kohl's,1189833,5/2/2021,West,California,Los Angeles,Men's Athletic Footwear,$41.00 ,264.0,10824.0,"$3,355 ",31%,Outlet,Gunar Cockshoot,18,Rural,Accessory
Foot Locker,1185732,6/18/2021,Midwest,Missouri,St. Louis,Women's Street Footwear,$23.00 ,113.0,2599.0,"$1,274 ",49%,Online,Curtice Advani,21,Rural,Productivity
Kohl's,1185732,9/6/2021,Northeast,New Jersey,Newark,Men's Street Footwear,$46.00 ,124.0,5704.0,"$2,795 ",49%,Online,Karlen McCaffrey,5,Mix,Convenience
West Gear,1128299,3/22/2020,West,Colorado,Denver,Men's Athletic Footwear,$38.00 ,111.0,4218.0,"$1,265 ",30%,Online,Dennison Crosswaite,5,Rural,All Season
Foot Locker,1128299,6/23/2021,West,Arizona,Phoenix,Men's Athletic Footwear,$51.00 ,138.0,7038.0,"$3,660 ",52%,Online,Brien Boise,11,Urban,Accessory
Foot Locker,1185732,1/6/2021,Midwest,North Dakota,Fargo,Men's Apparel,$40.00 ,150.0,60000.0,"$30,000 ",50%,In-store,Marney O'Breen,1,Youth,Extreme
Foot Locker,1185732,1/5/2020,Northeast,New York,New York,Men's Apparel,$43.00 ,306.0,13158.0,"$4,868 ",37%,Outlet,Camilla Castle,6,Accessory,Convenience
Sports Direct,1128299,12/9/2021,West,Hawaii,Honolulu,Men's Apparel,$84.00 ,128.0,10752.0,"$2,796 ",26%,Online,Barr Faughny,21,Urban,All Season
West Gear,1185732,12/5/2021,Midwest,Iowa,Des Moines,Men's Athletic Footwear,$50.00 ,325.0,162500.0,"$56,875 ",35%,In-store,Marney O'Breen,14,Mix,Productivity
Amazon,1185732,6/12/2021,Northeast,Vermont,Burlington,Men's Street Footwear,$58.00 ,163.0,9454.0,"$5,483 ",58%,Online,Karlen McCaffrey,14,Youth,Youth
Foot Locker,1185732,7/16/2021,South,Mississippi,Jackson,Men's Street Footwear,$60.00 ,850.0,510000.0,"$204,000 ",40%,Online,Brien Boise,13,Rural,All Season
Sports Direct,1197831,10/3/2021,South,Alabama,Birmingham,Women's Athletic Footwear,$44.00 ,131.0,5764.0,"$4,208 ",73%,Online,Dotty Strutley,20,Youth,Regular
Amazon,1185732,10/24/2021,Northeast,Maine,Portland,Men's Street Footwear,$39.00 ,127.0,4953.0,"$2,427 ",49%,Online,Camilla Castle,18,Urban,Moderation
Sports Direct,1197831,10/8/2021,South,Texas,Dallas,Men's Apparel,$36.00 ,100.0,3600.0,"$1,620 ",45%,Online,Kaine Padly,1,Accessory,Select
Amazon,1185732,10/22/2021,West,Alaska,Anchorage,Men's Athletic Footwear,$60.00 ,77.0,4620.0,"$2,218 ",48%,Online,Dennison Crosswaite,3,Youth,Select
Sports Direct,1197831,10/4/2021,West,Idaho,Boise,Women's Athletic Footwear,$35.00 ,116.0,4060.0,"$2,152 ",53%,Outlet,Wilone O'Kielt,14,Accessory,All Season
West Gear,1185732,3/20/2021,Northeast,Maryland,Baltimore,Men's Apparel,$43.00 ,22.0,946.0,$407 ,43%,Online,Kaine Padly,6,Urban,All Season
Foot Locker,1185732,1/24/2020,Northeast,New York,New York,Women's Apparel,$36.00 ,350.0,12600.0,"$3,654 ",29%,Outlet,Oby Sorrel,10,Urban,Moderation
West Gear,1128299,5/29/2020,West,Colorado,Denver,Women's Athletic Footwear,$50.00 ,300.0,150000.0,"$45,000 ",30%,In-store,Karlen McCaffrey,5,Mix,Regular
West Gear,1185732,4/17/2021,Northeast,West Virginia,Charleston,Women's Street Footwear,$19.00 ,68.0,1292.0,$698 ,54%,Online,Dennison Crosswaite,4,Accessory,All Season
Foot Locker,1185732,6/24/2021,Midwest,Illinois,Chicago,Men's Street Footwear,$58.00 ,134.0,7772.0,"$4,197 ",54%,Online,Andria Kimpton,13,Youth,All Season
Amazon,1185732,8/11/2021,Northeast,Vermont,Burlington,Women's Apparel,$61.00 ,104.0,6344.0,"$3,235 ",51%,Online,Ches Bonnell,20,Urban,Extreme
Foot Locker,1185732,7/21/2021,Midwest,Illinois,Chicago,Women's Athletic Footwear,$40.00 ,175.0,70000.0,"$28,000 ",40%,Outlet,Husein Augar,8,Urban,Accessory
Amazon,1185732,4/22/2021,Southeast,Kentucky,Louisville,Women's Apparel,$40.00 ,250.0,100000.0,"$40,000 ",40%,Online,Marney O'Breen,21,Rural,Moderation
Kohl's,1185732,6/12/2021,West,Wyoming,Cheyenne,Women's Athletic Footwear,$40.00 ,500.0,200000.0,"$70,000 ",35%,In-store,Beverie Moffet,7,Rural,Moderation
West Gear,1185732,4/9/2021,Northeast,New York,Albany,Women's Street Footwear,$34.00 ,152.0,5168.0,"$1,860 ",36%,Online,Van Tuxwell,17,Mix,Accessory
Foot Locker,1185732,11/5/2020,Midwest,Minnesota,Minneapolis,Men's Athletic Footwear,$38.00 ,28.0,1064.0,$447 ,42%,Online,Dotty Strutley,9,Urban,Convenience
Sports Direct,1197831,4/7/2021,South,Tennessee,Knoxville,Men's Apparel,$45.00 ,425.0,191250.0,"$66,938 ",35%,Outlet,Rafaelita Blaksland,13,Rural,Select
Walmart,1185732,5/2/2020,Northeast,New York,New York,Women's Apparel,$53.00 ,322.0,17066.0,"$4,778 ",28%,Outlet,Dennison Crosswaite,17,Mix,Moderation
West Gear,1185732,11/11/2021,West,Utah,Salt Lake City,Men's Street Footwear,$30.00 ,550.0,165000.0,"$66,000 ",40%,In-store,Jan Morforth,3,Accessory,All Season
Foot Locker,1128299,9/25/2021,Southeast,Virginia,Richmond,Women's Apparel,$33.00 ,83.0,2739.0,$986 ,36%,Outlet,Kelci Walkden,9,Mix,Moderation
Kohl's,1197831,5/12/2021,Midwest,Kansas,Wichita,Women's Street Footwear,$35.00 ,250.0,87500.0,"$30,625 ",35%,Online,Beverie Moffet,13,Mix,Extreme
Foot Locker,1185732,10/23/2020,Midwest,Minnesota,Minneapolis,Men's Street Footwear,$35.00 ,500.0,175000.0,"$61,250 ",35%,In-store,Oby Sorrel,22,Youth,Accessory
Foot Locker,1185732,2/5/2020,Northeast,New York,New York,Women's Apparel,$50.00 ,950.0,475000.0,"$118,750 ",25%,Outlet,Kaine Padly,20,Urban,Convenience
Walmart,1197831,4/20/2021,South,Arkansas,Little Rock,Women's Apparel,$24.00 ,120.0,2880.0,"$1,267 ",44%,Outlet,Marney O'Breen,21,Urban,Select
Amazon,1185732,7/17/2021,Northeast,New Hampshire,Manchester,Women's Apparel,$64.00 ,137.0,8768.0,"$4,296 ",49%,Online,Mallorie Waber,3,Mix,Youth
Walmart,1197831,5/19/2021,South,Arkansas,Little Rock,Men's Athletic Footwear,$38.00 ,113.0,4294.0,"$2,147 ",50%,Online,Brien Boise,19,Mix,Convenience
Foot Locker,1185732,6/22/2021,Northeast,Maryland,Baltimore,Women's Apparel,$53.00 ,84.0,4452.0,"$2,003 ",45%,Online,Gigi Bohling,17,Mix,Accessory
Foot Locker,1128299,3/22/2021,West,Arizona,Phoenix,Women's Athletic Footwear,$50.00 ,225.0,112500.0,"$39,375 ",35%,Online,Brien Boise,16,Youth,All Season
Walmart,1197831,9/8/2020,South,Texas,Houston,Women's Athletic Footwear,$47.00 ,181.0,8507.0,"$4,679 ",55%,Online,Roddy Speechley,2,Youth,All Season
Walmart,1185732,9/16/2021,South,Mississippi,Jackson,Men's Street Footwear,$40.00 ,232.0,9280.0,"$4,083 ",44%,Outlet,Brien Boise,7,Rural,Select
West Gear,1128299,5/28/2020,West,Colorado,Denver,Women's Street Footwear,$46.00 ,135.0,6210.0,"$2,174 ",35%,Online,Kelci Walkden,14,Youth,Productivity
Foot Locker,1185732,3/5/2021,Midwest,Iowa,Des Moines,Men's Apparel,$28.00 ,39.0,1092.0,$699 ,64%,Online,Oby Sorrel,3,Mix,Accessory
Foot Locker,1128299,5/11/2021,West,Hawaii,Honolulu,Women's Apparel,$69.00 ,143.0,9867.0,"$5,427 ",55%,Online,Husein Augar,14,Urban,Select
Foot Locker,1185732,1/20/2021,Southeast,Kentucky,Louisville,Men's Apparel,$38.00 ,115.0,4370.0,"$2,098 ",48%,Online,Dotty Strutley,1,Mix,Extreme
Sports Direct,1197831,8/12/2021,South,Alabama,Birmingham,Women's Apparel,$35.00 ,450.0,157500.0,"$86,625 ",55%,Outlet,Curtice Advani,2,Rural,Accessory
Sports Direct,1197831,5/19/2021,South,Tennessee,Knoxville,Men's Apparel,$38.00 ,160.0,6080.0,"$2,858 ",47%,Outlet,Jehu Rudeforth,8,Youth,Regular
West Gear,1185732,11/3/2021,Midwest,Wisconsin,Milwaukee,Women's Athletic Footwear,$35.00 ,225.0,78750.0,"$23,625 ",30%,In-store,Husein Augar,22,Mix,Youth
West Gear,1128299,5/6/2020,West,Colorado,Denver,Men's Apparel,$75.00 ,400.0,300000.0,"$165,000 ",55%,In-store,Kaine Padly,7,Mix,Moderation
Kohl's,1185732,10/12/2021,West,Wyoming,Cheyenne,Men's Athletic Footwear,$45.00 ,600.0,270000.0,"$81,000 ",30%,In-store,Marney O'Breen,17,Urban,Moderation
Amazon,1185732,7/10/2021,Northeast,Vermont,Burlington,Women's Athletic Footwear,$46.00 ,90.0,4140.0,"$2,029 ",49%,Online,Camilla Castle,13,Youth,All Season
Sports Direct,1197831,9/9/2021,South,Texas,Dallas,Women's Apparel,$43.00 ,224.0,9632.0,"$6,261 ",65%,Online,Kelci Walkden,7,Mix,All Season
Foot Locker,1197831,12/12/2021,Midwest,Kansas,Wichita,Men's Apparel,$64.00 ,81.0,5184.0,"$2,592 ",50%,Online,Kelci Walkden,19,Rural,Convenience
West Gear,1128299,8/3/2020,West,Washington,Seattle,Women's Athletic Footwear,$80.00 ,550.0,440000.0,"$132,000 ",30%,In-store,Andria Kimpton,2,Accessory,All Season
Sports Direct,1197831,4/4/2021,South,Tennessee,Knoxville,Men's Athletic Footwear,$20.00 ,240.0,4800.0,"$2,112 ",44%,Outlet,Beverie Moffet,10,Urban,All Season
Foot Locker,1185732,1/24/2021,Northeast,New Hampshire,Manchester,Women's Street Footwear,$35.00 ,99.0,3465.0,$936 ,27%,Outlet,Madelene Upcott,9,Mix,All Season
Foot Locker,1185732,3/9/2020,Northeast,New York,New York,Women's Apparel,$46.00 ,347.0,15962.0,"$5,108 ",32%,Outlet,Camilla Castle,5,Accessory,Youth
Sports Direct,1128299,4/13/2021,Southeast,Georgia,Atlanta,Women's Street Footwear,$36.00 ,113.0,4068.0,"$1,505 ",37%,Outlet,Oby Sorrel,21,Rural,Convenience
Foot Locker,1185732,5/19/2021,Midwest,Missouri,St. Louis,Women's Athletic Footwear,$29.00 ,65.0,1885.0,"$1,037 ",55%,Online,Dotty Strutley,16,Mix,Youth
Foot Locker,1185732,10/15/2021,Northeast,Delaware,Wilmington,Men's Street Footwear,$60.00 ,475.0,285000.0,"$99,750 ",35%,In-store,Oby Sorrel,21,Urban,Accessory
Kohl's,1189833,12/31/2020,Midwest,Minnesota,Minneapolis,Women's Athletic Footwear,$44.00 ,98.0,4312.0,"$2,242 ",52%,Online,Kaine Padly,17,Urban,Productivity
Foot Locker,1185732,6/8/2021,Northeast,Rhode Island,Providence,Women's Apparel,$51.00 ,88.0,4488.0,"$2,289 ",51%,Online,Husein Augar,21,Rural,Youth
Walmart,1128299,6/17/2021,Southeast,Florida,Orlando,Men's Apparel,$95.00 ,450.0,427500.0,"$85,500 ",20%,In-store,Karlen McCaffrey,22,Accessory,Select
West Gear,1128299,6/24/2020,West,Washington,Seattle,Women's Apparel,$80.00 ,500.0,400000.0,"$80,000 ",20%,In-store,Barr Faughny,9,Urban,All Season
Kohl's,1185732,12/13/2021,Northeast,Delaware,Wilmington,Men's Street Footwear,$62.00 ,168.0,10416.0,"$4,896 ",47%,Online,Kelci Walkden,2,Accessory,Regular
Kohl's,1185732,4/7/2021,Northeast,New Jersey,Newark,Women's Apparel,$35.00 ,250.0,87500.0,"$35,000 ",40%,In-store,Madelene Upcott,12,Youth,Accessory
Kohl's,1128299,9/27/2021,West,New Mexico,Albuquerque,Men's Athletic Footwear,$51.00 ,156.0,7956.0,"$4,058 ",51%,Online,Dotty Strutley,17,Accessory,All Season
West Gear,1197831,6/21/2021,South,Oklahoma,Oklahoma City,Women's Street Footwear,$27.00 ,107.0,2889.0,"$1,242 ",43%,Outlet,Madelene Upcott,22,Accessory,Convenience
Foot Locker,1128299,5/25/2021,Southeast,Virginia,Richmond,Women's Apparel,$44.00 ,168.0,7392.0,"$2,587 ",35%,Outlet,Kaine Padly,16,Mix,All Season
Foot Locker,1128299,11/23/2021,West,Arizona,Phoenix,Men's Athletic Footwear,$38.00 ,163.0,6194.0,"$2,911 ",47%,Outlet,Jehu Rudeforth,9,Rural,Accessory
Kohl's,1189833,3/12/2021,West,California,Los Angeles,Women's Apparel,$29.00 ,210.0,6090.0,"$1,401 ",23%,Outlet,Gunar Cockshoot,1,Youth,Convenience
West Gear,1197831,5/19/2021,South,Oklahoma,Oklahoma City,Men's Street Footwear,$36.00 ,167.0,6012.0,"$3,246 ",54%,Online,Van Tuxwell,12,Youth,Extreme
Kohl's,1128299,9/27/2021,West,New Mexico,Albuquerque,Men's Street Footwear,$50.00 ,625.0,312500.0,"$109,375 ",35%,Online,Dotty Strutley,1,Urban,Productivity
Foot Locker,1185732,11/18/2020,Midwest,Minnesota,Minneapolis,Women's Street Footwear,$33.00 ,47.0,1551.0,$698 ,45%,Online,Brien Boise,18,Youth,Convenience
Amazon,1185732,3/9/2021,Midwest,Ohio,Columbus,Women's Street Footwear,$20.00 ,124.0,2480.0,"$1,314 ",53%,Online,Van Tuxwell,21,Mix,Convenience
Sports Direct,1128299,1/17/2021,West,Hawaii,Honolulu,Men's Street Footwear,$38.00 ,115.0,4370.0,"$1,879 ",43%,Online,Gigi Bohling,8,Rural,Moderation
Foot Locker,1185732,6/7/2021,Southeast,South Carolina,Charleston,Women's Athletic Footwear,$47.00 ,218.0,10246.0,"$4,611 ",45%,Online,Beverie Moffet,21,Urban,Extreme
Sports Direct,1185732,10/15/2021,Northeast,Massachusetts,Boston,Women's Athletic Footwear,$54.00 ,27.0,1458.0,$554 ,38%,Online,Jehu Rudeforth,6,Urban,Moderation
Foot Locker,1185732,10/21/2020,Midwest,Minnesota,Minneapolis,Men's Apparel,$43.00 ,39.0,1677.0,$755 ,45%,Online,Dotty Strutley,7,Accessory,Youth
West Gear,1185732,5/20/2021,Northeast,Maryland,Baltimore,Men's Athletic Footwear,$45.00 ,175.0,78750.0,"$27,563 ",35%,In-store,Van Tuxwell,4,Accessory,Moderation
Amazon,1185732,2/19/2021,Northeast,Vermont,Burlington,Women's Street Footwear,$39.00 ,90.0,3510.0,"$1,544 ",44%,Online,Camilla Castle,13,Youth,Extreme
Foot Locker,1185732,11/8/2021,Northeast,Pennsylvania,Philadelphia,Women's Apparel,$47.00 ,44.0,2068.0,$724 ,35%,Online,Husein Augar,14,Accessory,Moderation
Sports Direct,1185732,5/3/2021,Northeast,Connecticut,Hartford,Men's Apparel,$50.00 ,70.0,3500.0,"$1,540 ",44%,Online,Van Tuxwell,21,Youth,Productivity
Sports Direct,1185732,7/2/2021,Southeast,North Carolina,Charlotte,Men's Street Footwear,$60.00 ,294.0,17640.0,"$8,820 ",50%,Online,Jehu Rudeforth,19,Rural,Productivity
Kohl's,1189833,2/14/2021,Midwest,Montana,Billings,Men's Street Footwear,$45.00 ,600.0,270000.0,"$121,500 ",45%,Outlet,Karlen McCaffrey,16,Urban,Convenience
Kohl's,1128299,11/26/2021,West,New Mexico,Albuquerque,Men's Athletic Footwear,$59.00 ,150.0,8850.0,"$4,779 ",54%,Online,Andria Kimpton,2,Accessory,Convenience
Kohl's,1197831,9/12/2021,Midwest,Kansas,Wichita,Men's Athletic Footwear,$40.00 ,350.0,140000.0,"$49,000 ",35%,Online,Marney O'Breen,9,Rural,Moderation
Sports Direct,1185732,7/13/2021,Northeast,Massachusetts,Boston,Women's Athletic Footwear,$44.00 ,56.0,2464.0,$887 ,36%,Online,Barr Faughny,10,Accessory,Accessory
Walmart,1185732,4/19/2020,Northeast,New York,New York,Men's Street Footwear,$56.00 ,360.0,20160.0,"$12,499 ",62%,Online,Oby Sorrel,2,Rural,All Season
West Gear,1197831,5/19/2021,South,Oklahoma,Oklahoma City,Women's Street Footwear,$34.00 ,72.0,2448.0,"$1,273 ",52%,Online,Ches Bonnell,12,Mix,Accessory
Foot Locker,1185732,7/13/2021,Northeast,Delaware,Wilmington,Men's Apparel,$51.00 ,94.0,4794.0,"$1,966 ",41%,Online,Marney O'Breen,9,Accessory,Productivity
West Gear,1128299,4/2/2020,West,Colorado,Denver,Men's Street Footwear,$60.00 ,525.0,315000.0,"$110,250 ",35%,In-store,Gunar Cockshoot,17,Accessory,Select
Amazon,1185732,6/11/2021,Midwest,Ohio,Columbus,Men's Apparel,$65.00 ,500.0,325000.0,"$113,750 ",35%,Online,Dotty Strutley,9,Accessory,Regular
Sports Direct,1128299,11/13/2021,Southeast,Georgia,Atlanta,Women's Apparel,$70.00 ,475.0,332500.0,"$83,125 ",25%,Online,Ches Bonnell,6,Urban,Youth
Foot Locker,1185732,11/3/2021,Northeast,Pennsylvania,Philadelphia,Men's Street Footwear,$49.00 ,120.0,5880.0,"$4,116 ",70%,Online,Marney O'Breen,22,Rural,Moderation
Amazon,1185732,11/8/2021,Northeast,Maine,Portland,Women's Athletic Footwear,$45.00 ,125.0,56250.0,"$16,875 ",30%,Outlet,Husein Augar,17,Accessory,Productivity
Amazon,1185732,11/11/2021,Northeast,Vermont,Burlington,Men's Apparel,$70.00 ,275.0,192500.0,"$67,375 ",35%,In-store,Andria Kimpton,19,Urban,Regular
Foot Locker,1128299,3/23/2021,Southeast,Virginia,Richmond,Women's Apparel,$35.00 ,102.0,3570.0,"$1,285 ",36%,Outlet,Camilla Castle,6,Mix,Accessory
Sports Direct,1185732,10/5/2021,Northeast,Connecticut,Hartford,Men's Apparel,$65.00 ,150.0,97500.0,"$29,250 ",30%,In-store,Madelene Upcott,8,Urban,Moderation
Foot Locker,1185732,6/2/2021,West,California,Los Angeles,Women's Street Footwear,$35.00 ,275.0,96250.0,"$33,688 ",35%,Outlet,Curtice Advani,19,Accessory,Extreme
Foot Locker,1128299,2/10/2021,West,Alaska,Anchorage,Women's Street Footwear,$44.00 ,94.0,4136.0,"$1,489 ",36%,Online,Oby Sorrel,21,Urban,Moderation
Walmart,1128299,12/16/2021,Southeast,Florida,Orlando,Men's Athletic Footwear,$82.00 ,200.0,16400.0,"$5,740 ",35%,Online,Jan Morforth,16,Youth,Extreme
Amazon,1185732,11/22/2021,Southeast,Kentucky,Louisville,Men's Street Footwear,$48.00 ,123.0,5904.0,"$3,070 ",52%,Online,Wilone O'Kielt,5,Accessory,Accessory
Sports Direct,1185732,3/8/2021,Midwest,North Dakota,Fargo,Women's Athletic Footwear,$25.00 ,22.0,550.0,$231 ,42%,Online,Brien Boise,5,Rural,Select
Foot Locker,1185732,11/12/2020,Midwest,Minnesota,Minneapolis,Women's Street Footwear,$37.00 ,38.0,1406.0,$619 ,44%,Online,Van Tuxwell,18,Mix,Youth
West Gear,1185732,3/20/2021,Northeast,Maryland,Baltimore,Men's Athletic Footwear,$35.00 ,150.0,52500.0,"$18,375 ",35%,In-store,Curtice Advani,4,Rural,Select
Amazon,1185732,1/21/2021,Northeast,Vermont,Burlington,Men's Apparel,$43.00 ,74.0,3182.0,"$1,050 ",33%,Outlet,Jan Morforth,3,Youth,Convenience
West Gear,1128299,3/7/2020,West,Nevada,Las Vegas,Men's Apparel,$46.00 ,119.0,5474.0,"$2,956 ",54%,Outlet,Brien Boise,16,Mix,All Season
West Gear,1128299,1/5/2021,West,California,San Francisco,Women's Apparel,$80.00 ,725.0,580000.0,"$116,000 ",20%,Outlet,Kaine Padly,22,Rural,Convenience
Kohl's,1189833,5/14/2021,West,California,Los Angeles,Men's Athletic Footwear,$55.00 ,800.0,440000.0,"$110,000 ",25%,Outlet,Camilla Castle,16,Urban,All Season
Foot Locker,1185732,7/11/2021,Midwest,South Dakota,Sioux Falls,Women's Athletic Footwear,$40.00 ,175.0,70000.0,"$21,000 ",30%,Online,Husein Augar,9,Mix,Convenience
Foot Locker,1185732,7/1/2021,Midwest,Illinois,Chicago,Men's Athletic Footwear,$45.00 ,250.0,112500.0,"$39,375 ",35%,Outlet,Dotty Strutley,22,Rural,All Season
Kohl's,1189833,2/25/2021,Midwest,Montana,Billings,Women's Apparel,$58.00 ,108.0,6264.0,"$2,443 ",39%,Online,Marney O'Breen,22,Accessory,Productivity
Walmart,1197831,8/16/2020,South,Texas,Houston,Men's Apparel,$42.00 ,168.0,7056.0,"$2,822 ",40%,Online,Barr Faughny,22,Rural,Convenience
Kohl's,1189833,4/22/2021,West,California,Los Angeles,Women's Athletic Footwear,$45.00 ,625.0,281250.0,"$98,438 ",35%,Outlet,Jehu Rudeforth,12,Mix,Productivity
West Gear,1185732,1/11/2021,Midwest,Missouri,St. Louis,Women's Street Footwear,$15.00 ,475.0,71250.0,"$24,938 ",35%,In-store,Dotty Strutley,22,Rural,Productivity
West Gear,1128299,1/28/2020,West,Nevada,Las Vegas,Women's Street Footwear,$63.00 ,116.0,7308.0,"$4,166 ",57%,Online,Andria Kimpton,10,Mix,Select
Walmart,1185732,4/21/2020,Northeast,New York,New York,Women's Street Footwear,$50.00 ,925.0,462500.0,"$161,875 ",35%,Outlet,Mallorie Waber,7,Accessory,Regular
Sports Direct,1197831,5/6/2021,South,Tennessee,Knoxville,Women's Athletic Footwear,$30.00 ,131.0,3930.0,"$2,358 ",60%,Outlet,Husein Augar,4,Mix,Select
Foot Locker,1185732,6/12/2021,Midwest,South Dakota,Sioux Falls,Women's Apparel,$55.00 ,325.0,178750.0,"$71,500 ",40%,Online,Wilone O'Kielt,22,Mix,Select
West Gear,1185732,3/20/2021,Northeast,Maryland,Baltimore,Men's Apparel,$45.00 ,75.0,33750.0,"$10,125 ",30%,In-store,Curtice Advani,9,Rural,Youth
Foot Locker,1185732,5/19/2021,Midwest,Missouri,St. Louis,Women's Street Footwear,$30.00 ,300.0,90000.0,"$31,500 ",35%,In-store,Camilla Castle,9,Rural,Youth
Walmart,1185732,7/16/2021,South,Mississippi,Jackson,Men's Athletic Footwear,$55.00 ,600.0,330000.0,"$115,500 ",35%,Online,Brien Boise,13,Urban,Accessory
Sports Direct,1128299,3/16/2021,Southeast,Florida,Orlando,Women's Street Footwear,$65.00 ,425.0,276250.0,"$82,875 ",30%,Outlet,Jan Morforth,9,Youth,Regular
Sports Direct,1128299,8/13/2021,Southeast,Georgia,Atlanta,Women's Apparel,$50.00 ,128.0,6400.0,"$1,856 ",29%,Outlet,Dennison Crosswaite,2,Rural,Youth
Amazon,1185732,8/10/2021,Midwest,Ohio,Columbus,Women's Athletic Footwear,$45.00 ,525.0,236250.0,"$94,500 ",40%,Online,Oby Sorrel,1,Urban,Accessory
West Gear,1197831,5/19/2021,South,Oklahoma,Oklahoma City,Women's Athletic Footwear,$35.00 ,225.0,78750.0,"$31,500 ",40%,Online,Marney O'Breen,12,Rural,All Season
Amazon,1185732,11/10/2021,Northeast,Maine,Portland,Women's Apparel,$56.00 ,72.0,4032.0,"$2,137 ",53%,Online,Camilla Castle,17,Mix,Regular
Kohl's,1128299,12/22/2021,West,Arizona,Phoenix,Women's Street Footwear,$35.00 ,136.0,4760.0,"$1,952 ",41%,Outlet,Mallorie Waber,7,Rural,All Season
Foot Locker,1128299,6/10/2021,West,Hawaii,Honolulu,Men's Athletic Footwear,$75.00 ,600.0,450000.0,"$90,000 ",20%,Outlet,Dennison Crosswaite,5,Youth,Convenience
Amazon,1185732,9/23/2021,Southeast,Kentucky,Louisville,Women's Street Footwear,$33.00 ,65.0,2145.0,"$1,137 ",53%,Online,Gunar Cockshoot,4,Accessory,Select
Foot Locker,1128299,10/23/2021,West,Arizona,Phoenix,Men's Street Footwear,$41.00 ,135.0,5535.0,"$2,657 ",48%,Online,Gigi Bohling,2,Mix,All Season
Amazon,1185732,5/9/2021,Midwest,Ohio,Columbus,Men's Athletic Footwear,$44.00 ,135.0,5940.0,"$2,911 ",49%,Online,Andria Kimpton,16,Rural,Extreme
Sports Direct,1128299,4/13/2021,Southeast,Georgia,Atlanta,Women's Street Footwear,$50.00 ,94.0,4700.0,"$2,350 ",50%,Online,Gigi Bohling,8,Mix,Regular
Amazon,1185732,1/24/2021,West,Alaska,Anchorage,Women's Apparel,$55.00 ,300.0,165000.0,"$49,500 ",30%,Outlet,Mallorie Waber,14,Urban,Productivity
Sports Direct,1185732,7/13/2021,Northeast,Massachusetts,Boston,Men's Apparel,$41.00 ,80.0,3280.0,"$1,017 ",31%,Outlet,Gunar Cockshoot,21,Rural,Accessory
Foot Locker,1185732,11/10/2021,Northeast,Pennsylvania,Philadelphia,Men's Athletic Footwear,$50.00 ,150.0,75000.0,"$22,500 ",30%,Outlet,Andria Kimpton,5,Youth,Select
West Gear,1185732,4/10/2021,Midwest,Indiana,Indianapolis,Women's Apparel,$47.00 ,72.0,3384.0,"$1,861 ",55%,Online,Andria Kimpton,9,Accessory,Convenience
West Gear,1185732,4/10/2021,Midwest,Indiana,Indianapolis,Men's Apparel,$65.00 ,150.0,97500.0,"$29,250 ",30%,In-store,Ches Bonnell,2,Youth,Moderation
Foot Locker,1185732,8/12/2021,Midwest,South Dakota,Sioux Falls,Men's Street Footwear,$50.00 ,525.0,262500.0,"$91,875 ",35%,Online,Roddy Speechley,10,Urban,Select
Walmart,1197831,9/8/2020,South,Texas,Houston,Women's Athletic Footwear,$37.00 ,200.0,7400.0,"$3,700 ",50%,Outlet,Rafaelita Blaksland,13,Urban,Select
Sports Direct,1185732,2/4/2021,Southeast,South Carolina,Charleston,Men's Street Footwear,$35.00 ,975.0,341250.0,"$136,500 ",40%,Online,Curtice Advani,16,Urban,All Season
Amazon,1185732,2/12/2021,Northeast,Massachusetts,Boston,Men's Athletic Footwear,$45.00 ,225.0,101250.0,"$45,563 ",45%,In-store,Dotty Strutley,22,Urban,All Season
West Gear,1128299,6/19/2020,West,Washington,Seattle,Men's Street Footwear,$60.00 ,550.0,330000.0,"$99,000 ",30%,In-store,Camilla Castle,15,Rural,Convenience
Amazon,1185732,2/19/2021,Northeast,New Hampshire,Manchester,Men's Apparel,$60.00 ,275.0,165000.0,"$49,500 ",30%,In-store,Brien Boise,22,Accessory,Convenience
Sports Direct,1185732,10/4/2021,Southeast,North Carolina,Charlotte,Men's Athletic Footwear,$33.00 ,196.0,6468.0,"$2,975 ",46%,Online,Husein Augar,1,Mix,Convenience
Kohl's,1189833,4/16/2021,West,California,Los Angeles,Women's Athletic Footwear,$33.00 ,193.0,6369.0,"$2,420 ",38%,Outlet,Andria Kimpton,12,Urban,Youth
Foot Locker,1185732,7/4/2021,Midwest,Illinois,Chicago,Men's Apparel,$50.00 ,175.0,87500.0,"$30,625 ",35%,Outlet,Van Tuxwell,5,Mix,Convenience
Kohl's,1185732,4/7/2021,Northeast,New Jersey,Newark,Women's Street Footwear,$25.00 ,175.0,43750.0,"$17,500 ",40%,In-store,Madelene Upcott,14,Accessory,Extreme
Foot Locker,1185732,4/18/2021,Midwest,Missouri,St. Louis,Men's Street Footwear,$35.00 ,575.0,201250.0,"$80,500 ",40%,In-store,Gigi Bohling,15,Urban,All Season
Amazon,1185732,6/12/2021,Northeast,Vermont,Burlington,Women's Street Footwear,$50.00 ,325.0,162500.0,"$56,875 ",35%,In-store,Camilla Castle,17,Accessory,Regular
West Gear,1185732,3/10/2021,West,Utah,Salt Lake City,Men's Apparel,$38.00 ,75.0,2850.0,"$1,425 ",50%,Online,Ches Bonnell,5,Youth,All Season
Amazon,1185732,11/10/2021,Midwest,Ohio,Columbus,Men's Street Footwear,$34.00 ,169.0,5746.0,"$2,988 ",52%,Online,Roddy Speechley,19,Accessory,Productivity
West Gear,1128299,6/2/2020,West,Washington,Seattle,Men's Athletic Footwear,$47.00 ,131.0,6157.0,"$2,401 ",39%,Online,Marney O'Breen,11,Rural,Extreme
Amazon,1185732,12/13/2021,Northeast,Massachusetts,Boston,Women's Athletic Footwear,$52.00 ,75.0,3900.0,"$1,482 ",38%,Online,Husein Augar,7,Youth,Productivity
Sports Direct,1185732,3/8/2021,Midwest,North Dakota,Fargo,Women's Street Footwear,$19.00 ,56.0,1064.0,$447 ,42%,Online,Madelene Upcott,2,Accessory,Regular
Foot Locker,1185732,8/23/2020,Southeast,Florida,Miami,Women's Apparel,$45.00 ,775.0,348750.0,"$174,375 ",50%,In-store,Husein Augar,16,Accessory,Youth
West Gear,1185732,4/9/2021,Northeast,New York,Albany,Men's Athletic Footwear,$43.00 ,147.0,6321.0,"$2,844 ",45%,Online,Brien Boise,4,Youth,Regular
West Gear,1128299,2/1/2021,West,California,San Francisco,Women's Street Footwear,$50.00 ,182.0,9100.0,"$3,822 ",42%,Online,Wilone O'Kielt,14,Urban,Convenience
Foot Locker,1185732,4/18/2021,Midwest,Missouri,St. Louis,Women's Athletic Footwear,$25.00 ,200.0,50000.0,"$20,000 ",40%,In-store,Rafaelita Blaksland,17,Accessory,Youth
Foot Locker,1185732,11/8/2020,Midwest,Minnesota,Minneapolis,Men's Apparel,$47.00 ,14.0,658.0,$263 ,40%,Online,Marney O'Breen,7,Mix,Moderation
Kohl's,1189833,5/21/2021,West,California,Los Angeles,Women's Street Footwear,$50.00 ,675.0,337500.0,"$135,000 ",40%,Outlet,Mallorie Waber,13,Accessory,Regular
Foot Locker,1185732,11/15/2020,Midwest,Minnesota,Minneapolis,Women's Apparel,$58.00 ,51.0,2958.0,"$1,745 ",59%,Online,Marney O'Breen,6,Accessory,Regular
Sports Direct,1197831,8/27/2021,South,Alabama,Birmingham,Women's Street Footwear,$11.00 ,190.0,2090.0,"$1,087 ",52%,Outlet,Roddy Speechley,20,Rural,Youth
Foot Locker,1185732,4/17/2021,South,Mississippi,Jackson,Men's Apparel,$30.00 ,98.0,2940.0,"$1,176 ",40%,Outlet,Gigi Bohling,9,Mix,Accessory
Walmart,1128299,9/11/2021,West,Hawaii,Honolulu,Men's Apparel,$75.00 ,350.0,262500.0,"$39,375 ",15%,Outlet,Barr Faughny,1,Rural,Moderation
Walmart,1197831,2/21/2021,South,Arkansas,Little Rock,Women's Apparel,$19.00 ,115.0,2185.0,"$1,180 ",54%,Online,Kaine Padly,22,Rural,Productivity
Amazon,1185732,12/24/2021,Northeast,Maine,Portland,Women's Athletic Footwear,$41.00 ,51.0,2091.0,$857 ,41%,Online,Ches Bonnell,20,Urban,Productivity
Foot Locker,1185732,3/5/2021,Midwest,Iowa,Des Moines,Men's Street Footwear,$20.00 ,470.0,94000.0,"$28,200 ",30%,In-store,Dennison Crosswaite,18,Youth,Select
Foot Locker,1185732,9/6/2021,Northeast,Rhode Island,Providence,Women's Street Footwear,$36.00 ,38.0,1368.0,$698 ,51%,Online,Beverie Moffet,6,Mix,Select
West Gear,1128299,5/18/2021,South,Louisiana,New Orleans,Women's Athletic Footwear,$45.00 ,325.0,146250.0,"$58,500 ",40%,In-store,Camilla Castle,3,Mix,Youth
Foot Locker,1185732,4/14/2021,Northeast,Delaware,Wilmington,Women's Apparel,$38.00 ,78.0,2964.0,"$1,601 ",54%,Online,Barr Faughny,1,Rural,Extreme
Kohl's,1189833,2/27/2021,Midwest,Montana,Billings,Men's Athletic Footwear,$45.00 ,575.0,258750.0,"$77,625 ",30%,Outlet,Dennison Crosswaite,10,Urban,Productivity
Foot Locker,1185732,12/24/2020,Midwest,Minnesota,Minneapolis,Women's Street Footwear,$45.00 ,225.0,101250.0,"$30,375 ",30%,Outlet,Husein Augar,7,Mix,Productivity
Foot Locker,1185732,11/6/2021,Southeast,South Carolina,Charleston,Men's Apparel,$66.00 ,196.0,12936.0,"$6,080 ",47%,Online,Camilla Castle,10,Mix,All Season
Foot Locker,1185732,6/8/2021,Northeast,Rhode Island,Providence,Women's Street Footwear,$32.00 ,74.0,2368.0,$995 ,42%,Outlet,Beverie Moffet,16,Rural,Select
Amazon,1185732,12/17/2021,Northeast,Maine,Portland,Women's Apparel,$69.00 ,75.0,5175.0,"$2,743 ",53%,Online,Jehu Rudeforth,22,Youth,Select
Sports Direct,1185732,3/8/2021,Midwest,North Dakota,Fargo,Women's Apparel,$28.00 ,63.0,1764.0,$917 ,52%,Online,Beverie Moffet,19,Youth,Extreme
West Gear,1128299,7/16/2021,South,Louisiana,New Orleans,Men's Athletic Footwear,$67.00 ,248.0,16616.0,"$7,643 ",46%,Outlet,Jan Morforth,17,Urban,Convenience
West Gear,1128299,1/24/2021,West,Utah,Salt Lake City,Men's Athletic Footwear,$40.00 ,350.0,140000.0,"$49,000 ",35%,In-store,Beverie Moffet,4,Accessory,All Season
Foot Locker,1185732,12/30/2021,Northeast,Pennsylvania,Philadelphia,Women's Athletic Footwear,$57.00 ,53.0,3021.0,"$1,601 ",53%,Online,Van Tuxwell,12,Urban,Select
West Gear,1185732,6/17/2021,Northeast,West Virginia,Charleston,Men's Apparel,$41.00 ,74.0,3034.0,"$1,669 ",55%,Online,Beverie Moffet,14,Rural,Productivity
Walmart,1197831,5/19/2021,South,Arkansas,Little Rock,Women's Athletic Footwear,$35.00 ,300.0,105000.0,"$42,000 ",40%,Online,Gigi Bohling,20,Mix,Moderation
Kohl's,1128299,3/25/2021,West,New Mexico,Albuquerque,Women's Street Footwear,$55.00 ,400.0,220000.0,"$77,000 ",35%,Online,Marney O'Breen,9,Accessory,Productivity
Sports Direct,1197831,9/13/2021,South,Texas,Dallas,Women's Athletic Footwear,$43.00 ,174.0,7482.0,"$4,115 ",55%,Online,Madelene Upcott,6,Youth,Youth
Amazon,1185732,1/14/2021,Northeast,Massachusetts,Boston,Men's Apparel,$37.00 ,70.0,2590.0,"$1,062 ",41%,Outlet,Dennison Crosswaite,10,Urban,Convenience
Kohl's,1185732,4/7/2021,Northeast,New Jersey,Newark,Men's Street Footwear,$34.00 ,133.0,4522.0,"$2,261 ",50%,Online,Brien Boise,18,Youth,All Season
Foot Locker,1185732,12/7/2021,Northeast,Pennsylvania,Philadelphia,Men's Apparel,$65.00 ,175.0,113750.0,"$39,813 ",35%,Outlet,Husein Augar,18,Urban,Productivity
Walmart,1185732,8/17/2021,South,Mississippi,Jackson,Men's Street Footwear,$56.00 ,215.0,12040.0,"$6,502 ",54%,Online,Andria Kimpton,3,Youth,All Season
Foot Locker,1185732,4/6/2021,Midwest,Iowa,Des Moines,Men's Apparel,$60.00 ,125.0,75000.0,"$37,500 ",50%,In-store,Ches Bonnell,2,Rural,Convenience
Sports Direct,1185732,9/13/2021,Northeast,Massachusetts,Boston,Men's Apparel,$52.00 ,34.0,1768.0,$636 ,36%,Online,Dennison Crosswaite,13,Mix,Convenience
West Gear,1128299,7/15/2020,West,Washington,Seattle,Women's Street Footwear,$63.00 ,135.0,8505.0,"$3,147 ",37%,Online,Husein Augar,13,Rural,Accessory
Amazon,1185732,11/17/2021,Northeast,Maine,Portland,Men's Street Footwear,$51.00 ,143.0,7293.0,"$3,574 ",49%,Online,Andria Kimpton,2,Youth,Productivity
Sports Direct,1185732,9/20/2021,Northeast,Maryland,Baltimore,Women's Street Footwear,$40.00 ,125.0,50000.0,"$17,500 ",35%,In-store,Barr Faughny,20,Youth,Extreme
West Gear,1185732,7/9/2021,Midwest,Indiana,Indianapolis,Women's Athletic Footwear,$42.00 ,49.0,2058.0,$967 ,47%,Online,Kelci Walkden,20,Rural,Moderation
Foot Locker,1185732,12/22/2020,Midwest,Minnesota,Minneapolis,Men's Street Footwear,$50.00 ,124.0,6200.0,"$3,100 ",50%,Online,Madelene Upcott,8,Mix,Regular
Foot Locker,1185732,10/9/2021,Midwest,North Dakota,Fargo,Women's Apparel,$55.00 ,250.0,137500.0,"$55,000 ",40%,In-store,Beverie Moffet,4,Accessory,Regular
Sports Direct,1197831,10/2/2021,South,Texas,Dallas,Men's Apparel,$53.00 ,135.0,7155.0,"$3,506 ",49%,Online,Andria Kimpton,20,Urban,All Season
West Gear,1185732,10/12/2021,Northeast,Vermont,Burlington,Women's Apparel,$75.00 ,300.0,225000.0,"$90,000 ",40%,In-store,Oby Sorrel,5,Rural,Select
Foot Locker,1128299,2/24/2021,Southeast,Virginia,Richmond,Women's Athletic Footwear,$28.00 ,64.0,1792.0,$735 ,41%,Outlet,Andria Kimpton,15,Accessory,Accessory
West Gear,1185732,5/18/2021,Northeast,West Virginia,Charleston,Women's Apparel,$52.00 ,95.0,4940.0,"$2,717 ",55%,Online,Beverie Moffet,19,Accessory,Productivity
Foot Locker,1128299,7/23/2021,Southeast,Virginia,Richmond,Men's Athletic Footwear,$81.00 ,203.0,16443.0,"$8,222 ",50%,Online,Karlen McCaffrey,13,Mix,Regular
Foot Locker,1185732,9/20/2020,Southeast,Florida,Miami,Women's Athletic Footwear,$45.00 ,775.0,348750.0,"$104,625 ",30%,In-store,Camilla Castle,5,Mix,Youth
Kohl's,1185732,3/6/2021,Northeast,New Jersey,Newark,Women's Apparel,$32.00 ,61.0,1952.0,$976 ,50%,Online,Mallorie Waber,17,Youth,Extreme
Foot Locker,1185732,4/14/2021,Northeast,Delaware,Wilmington,Women's Athletic Footwear,$35.00 ,150.0,52500.0,"$21,000 ",40%,In-store,Oby Sorrel,9,Urban,Extreme
Kohl's,1197831,4/13/2021,Midwest,Kansas,Wichita,Men's Athletic Footwear,$25.00 ,200.0,50000.0,"$17,500 ",35%,Online,Beverie Moffet,6,Rural,Youth
West Gear,1185732,12/17/2021,Midwest,Missouri,St. Louis,Women's Athletic Footwear,$34.00 ,88.0,2992.0,"$1,556 ",52%,Online,Curtice Advani,16,Urban,Extreme
Foot Locker,1128299,2/10/2021,West,Hawaii,Honolulu,Men's Apparel,$50.00 ,150.0,75000.0,"$11,250 ",15%,Outlet,Brien Boise,20,Accessory,Regular
Sports Direct,1197831,8/8/2021,West,Idaho,Boise,Women's Apparel,$44.00 ,239.0,10516.0,"$6,415 ",61%,Outlet,Brien Boise,14,Rural,Extreme
Foot Locker,1185732,10/22/2020,Midwest,Minnesota,Minneapolis,Women's Apparel,$32.00 ,65.0,2080.0,"$1,165 ",56%,Online,Mallorie Waber,22,Youth,Youth
Kohl's,1185732,10/8/2021,Northeast,New Jersey,Newark,Men's Athletic Footwear,$50.00 ,250.0,125000.0,"$43,750 ",35%,In-store,Rafaelita Blaksland,9,Youth,Productivity
West Gear,1128299,3/25/2020,West,Colorado,Denver,Men's Apparel,$45.00 ,200.0,90000.0,"$45,000 ",50%,In-store,Wilone O'Kielt,18,Mix,Youth
Foot Locker,1197831,11/13/2021,Midwest,Kansas,Wichita,Women's Apparel,$75.00 ,350.0,262500.0,"$91,875 ",35%,Online,Marney O'Breen,4,Urban,Select
Foot Locker,1185732,2/22/2021,Northeast,West Virginia,Charleston,Men's Street Footwear,$32.00 ,138.0,4416.0,"$2,340 ",53%,Online,Mallorie Waber,10,Mix,Extreme
Foot Locker,1197831,3/6/2021,West,Idaho,Boise,Women's Street Footwear,$20.00 ,135.0,2700.0,"$1,026 ",38%,Outlet,Gigi Bohling,12,Rural,Convenience
Kohl's,1185732,4/7/2021,Northeast,New Jersey,Newark,Women's Athletic Footwear,$27.00 ,27.0,729.0,$372 ,51%,Online,Brien Boise,12,Accessory,Productivity
West Gear,1128299,6/24/2020,West,Washington,Seattle,Women's Apparel,$75.00 ,125.0,9375.0,"$3,094 ",33%,Online,Dennison Crosswaite,7,Mix,Convenience
Sports Direct,1197831,7/27/2020,South,Texas,Houston,Women's Street Footwear,$35.00 ,675.0,236250.0,"$82,688 ",35%,Outlet,Curtice Advani,6,Mix,Accessory
Amazon,1185732,6/22/2021,West,Alaska,Anchorage,Men's Street Footwear,$59.00 ,189.0,11151.0,"$5,129 ",46%,Online,Rafaelita Blaksland,1,Mix,Extreme
Foot Locker,1128299,2/10/2021,West,Alaska,Anchorage,Women's Street Footwear,$45.00 ,375.0,168750.0,"$42,188 ",25%,Outlet,Brien Boise,8,Mix,Select
Kohl's,1197831,12/19/2021,South,Oklahoma,Oklahoma City,Women's Athletic Footwear,$45.00 ,114.0,5130.0,"$2,309 ",45%,Outlet,Beverie Moffet,16,Mix,Youth
Sports Direct,1185732,10/4/2021,Southeast,North Carolina,Charlotte,Women's Athletic Footwear,$34.00 ,160.0,5440.0,"$2,938 ",54%,Online,Beverie Moffet,11,Accessory,Youth
West Gear,1128299,4/4/2020,West,Colorado,Denver,Women's Street Footwear,$65.00 ,375.0,243750.0,"$85,313 ",35%,In-store,Marney O'Breen,14,Rural,Regular
Amazon,1185732,8/18/2021,Northeast,New Hampshire,Manchester,Men's Apparel,$45.00 ,80.0,3600.0,"$1,188 ",33%,Outlet,Kelci Walkden,8,Rural,Convenience
West Gear,1128299,9/25/2021,West,Oregon,Portland,Men's Apparel,$60.00 ,225.0,135000.0,"$54,000 ",40%,In-store,Madelene Upcott,19,Youth,Regular
West Gear,1185732,3/10/2021,West,Utah,Salt Lake City,Women's Athletic Footwear,$23.00 ,73.0,1679.0,$890 ,53%,Online,Andria Kimpton,13,Accessory,Moderation
Foot Locker,1185732,1/30/2020,Northeast,New York,New York,Women's Apparel,$36.00 ,323.0,11628.0,"$3,140 ",27%,Outlet,Kelci Walkden,7,Mix,Select
Amazon,1185732,8/21/2021,West,Alaska,Anchorage,Men's Apparel,$62.00 ,65.0,4030.0,"$1,531 ",38%,Online,Kaine Padly,5,Accessory,Regular
West Gear,1185732,1/17/2021,Midwest,Indiana,Indianapolis,Women's Street Footwear,$25.00 ,300.0,75000.0,"$30,000 ",40%,In-store,Oby Sorrel,3,Accessory,Select
West Gear,1197831,9/19/2021,South,Oklahoma,Oklahoma City,Women's Athletic Footwear,$14.00 ,63.0,882.0,$450 ,51%,Online,Gunar Cockshoot,2,Youth,Youth
Amazon,1185732,4/21/2021,West,Alaska,Anchorage,Women's Athletic Footwear,$47.00 ,44.0,2068.0,$765 ,37%,Online,Andria Kimpton,13,Urban,Select
Foot Locker,1185732,3/6/2021,Northeast,Rhode Island,Providence,Women's Apparel,$32.00 ,51.0,1632.0,$881 ,54%,Online,Dotty Strutley,19,Youth,Regular
Foot Locker,1128299,12/12/2021,Southeast,Georgia,Atlanta,Women's Apparel,$64.00 ,135.0,8640.0,"$3,024 ",35%,Online,Rafaelita Blaksland,1,Youth,Productivity
Sports Direct,1185732,5/3/2021,Northeast,Connecticut,Hartford,Men's Athletic Footwear,$48.00 ,73.0,3504.0,"$1,857 ",53%,Online,Camilla Castle,21,Youth,All Season
West Gear,1197831,11/20/2021,South,Arkansas,Little Rock,Women's Athletic Footwear,$55.00 ,375.0,206250.0,"$82,500 ",40%,Online,Husein Augar,18,Youth,Convenience
Kohl's,1128299,11/26/2021,West,New Mexico,Albuquerque,Women's Athletic Footwear,$60.00 ,425.0,255000.0,"$89,250 ",35%,Online,Rafaelita Blaksland,15,Urban,Extreme
West Gear,1197831,6/4/2021,West,Idaho,Boise,Women's Street Footwear,$47.00 ,174.0,8178.0,"$3,925 ",48%,Online,Van Tuxwell,22,Youth,Productivity
Foot Locker,1185732,10/18/2020,Southeast,Florida,Miami,Men's Athletic Footwear,$35.00 ,250.0,87500.0,"$26,250 ",30%,In-store,Kaine Padly,2,Mix,Convenience
Sports Direct,1197831,10/12/2021,South,Texas,Dallas,Women's Street Footwear,$51.00 ,228.0,11628.0,"$5,116 ",44%,Outlet,Barr Faughny,16,Youth,All Season
West Gear,1197831,8/20/2021,South,Oklahoma,Oklahoma City,Men's Athletic Footwear,$37.00 ,140.0,5180.0,"$2,176 ",42%,Outlet,Ches Bonnell,15,Rural,Select
West Gear,1128299,5/7/2020,West,Colorado,Denver,Women's Apparel,$65.00 ,106.0,6890.0,"$2,136 ",31%,Online,Marney O'Breen,20,Youth,Convenience
Sports Direct,1197831,9/10/2021,South,Texas,Dallas,Men's Street Footwear,$30.00 ,256.0,7680.0,"$2,842 ",37%,Outlet,Gigi Bohling,13,Mix,Convenience
Foot Locker,1185732,1/12/2021,Midwest,Kansas,Wichita,Men's Athletic Footwear,$37.00 ,80.0,2960.0,"$1,184 ",40%,Online,Dotty Strutley,9,Rural,All Season
Kohl's,1185732,3/10/2021,West,Wyoming,Cheyenne,Men's Athletic Footwear,$37.00 ,131.0,4847.0,"$2,133 ",44%,Online,Kaine Padly,18,Youth,Regular
Sports Direct,1197831,10/9/2021,South,Alabama,Birmingham,Women's Athletic Footwear,$65.00 ,550.0,357500.0,"$214,500 ",60%,Outlet,Mallorie Waber,3,Urban,Youth
Walmart,1197831,3/19/2021,South,Arkansas,Little Rock,Men's Street Footwear,$15.00 ,206.0,3090.0,"$1,452 ",47%,Outlet,Wilone O'Kielt,5,Rural,Regular
Foot Locker,1185732,2/6/2021,Midwest,North Dakota,Fargo,Men's Street Footwear,$30.00 ,500.0,150000.0,"$45,000 ",30%,In-store,Brien Boise,18,Accessory,Convenience
Sports Direct,1197831,4/18/2021,South,Tennessee,Knoxville,Women's Athletic Footwear,$32.00 ,196.0,6272.0,"$3,826 ",61%,Outlet,Karlen McCaffrey,9,Rural,Youth
Sports Direct,1185732,10/2/2020,Southeast,Florida,Miami,Women's Athletic Footwear,$45.00 ,182.0,8190.0,"$3,604 ",44%,Online,Jehu Rudeforth,5,Youth,Extreme
West Gear,1128299,1/24/2021,West,California,San Francisco,Men's Street Footwear,$51.00 ,241.0,12291.0,"$5,162 ",42%,Online,Kaine Padly,14,Urban,Extreme
West Gear,1185732,12/9/2021,Midwest,Indiana,Indianapolis,Women's Athletic Footwear,$45.00 ,87.0,3915.0,"$1,958 ",50%,Online,Roddy Speechley,1,Rural,Moderation
Walmart,1185732,4/20/2020,Northeast,New York,New York,Men's Athletic Footwear,$43.00 ,350.0,15050.0,"$4,967 ",33%,Outlet,Beverie Moffet,1,Rural,Youth
Sports Direct,1197831,3/10/2021,Midwest,Montana,Billings,Men's Street Footwear,$20.00 ,700.0,140000.0,"$49,000 ",35%,Outlet,Karlen McCaffrey,13,Mix,Select
Foot Locker,1185732,2/6/2021,Midwest,Iowa,Des Moines,Women's Athletic Footwear,$25.00 ,75.0,18750.0,"$5,625 ",30%,In-store,Roddy Speechley,15,Accessory,Convenience
Foot Locker,1185732,11/11/2021,Northeast,Pennsylvania,Philadelphia,Women's Street Footwear,$38.00 ,38.0,1444.0,$664 ,46%,Online,Husein Augar,9,Accessory,Select
Walmart,1197831,8/13/2020,South,Texas,Houston,Men's Athletic Footwear,$40.00 ,925.0,370000.0,"$129,500 ",35%,Outlet,Mallorie Waber,14,Accessory,Regular
Foot Locker,1185732,10/19/2021,Northeast,New Hampshire,Manchester,Women's Apparel,$72.00 ,81.0,5832.0,"$2,799 ",48%,Online,Dotty Strutley,1,Youth,Convenience
Sports Direct,1128299,4/13/2021,Southeast,Georgia,Atlanta,Men's Apparel,$55.00 ,175.0,96250.0,"$33,688 ",35%,Online,Wilone O'Kielt,9,Urban,Moderation
Foot Locker,1128299,7/22/2021,West,Arizona,Phoenix,Women's Apparel,$67.00 ,123.0,8241.0,"$3,132 ",38%,Online,Gunar Cockshoot,19,Rural,Productivity
Foot Locker,1185732,3/5/2021,Midwest,Iowa,Des Moines,Women's Apparel,$20.00 ,250.0,50000.0,"$20,000 ",40%,In-store,Mallorie Waber,13,Youth,All Season
Walmart,1197831,10/23/2020,South,Texas,Houston,Women's Athletic Footwear,$36.00 ,230.0,8280.0,"$4,140 ",50%,Outlet,Oby Sorrel,17,Youth,Extreme
West Gear,1128299,3/4/2020,West,Nevada,Las Vegas,Men's Athletic Footwear,$52.00 ,201.0,10452.0,"$2,613 ",25%,Outlet,Dotty Strutley,12,Rural,All Season
Foot Locker,1197831,12/4/2021,West,Idaho,Boise,Men's Athletic Footwear,$41.00 ,240.0,9840.0,"$4,526 ",46%,Outlet,Roddy Speechley,2,Youth,Youth
Foot Locker,1128299,6/23/2021,West,Arizona,Phoenix,Men's Street Footwear,$37.00 ,194.0,7178.0,"$2,799 ",39%,Outlet,Jehu Rudeforth,2,Mix,Extreme
West Gear,1128299,5/18/2021,South,Louisiana,New Orleans,Men's Apparel,$40.00 ,225.0,90000.0,"$40,500 ",45%,In-store,Jehu Rudeforth,4,Accessory,Accessory
Foot Locker,1185732,12/3/2021,Northeast,Connecticut,Hartford,Women's Athletic Footwear,$38.00 ,96.0,3648.0,"$1,277 ",35%,Outlet,Kaine Padly,17,Accessory,Extreme
Kohl's,1128299,11/26/2021,West,New Mexico,Albuquerque,Women's Street Footwear,$60.00 ,450.0,270000.0,"$94,500 ",35%,Online,Husein Augar,6,Youth,Convenience
Sports Direct,1185732,2/4/2021,Southeast,South Carolina,Charleston,Men's Street Footwear,$34.00 ,263.0,8942.0,"$4,471 ",50%,Online,Gunar Cockshoot,18,Accessory,Accessory
Foot Locker,1185732,10/6/2021,Midwest,Iowa,Des Moines,Men's Athletic Footwear,$32.00 ,75.0,2400.0,"$1,104 ",46%,Online,Gigi Bohling,9,Youth,Extreme
Sports Direct,1197831,8/30/2021,South,Alabama,Birmingham,Women's Apparel,$36.00 ,263.0,9468.0,"$6,249 ",66%,Outlet,Madelene Upcott,9,Urban,Extreme
Walmart,1197831,9/6/2020,South,Texas,Houston,Men's Athletic Footwear,$32.00 ,255.0,8160.0,"$3,019 ",37%,Outlet,Van Tuxwell,18,Urban,Accessory
Foot Locker,1185732,8/6/2021,Midwest,Iowa,Des Moines,Men's Street Footwear,$50.00 ,525.0,262500.0,"$78,750 ",30%,In-store,Rafaelita Blaksland,3,Youth,Youth
Amazon,1185732,8/11/2021,Northeast,Vermont,Burlington,Men's Street Footwear,$58.00 ,176.0,10208.0,"$6,125 ",60%,Online,Van Tuxwell,8,Mix,Moderation
Sports Direct,1185732,1/9/2021,Midwest,South Dakota,Sioux Falls,Women's Apparel,$35.00 ,275.0,96250.0,"$38,500 ",40%,Online,Kelci Walkden,17,Mix,Youth
Amazon,1185732,1/13/2021,Southeast,North Carolina,Charlotte,Men's Athletic Footwear,$33.00 ,150.0,4950.0,"$2,475 ",50%,Online,Husein Augar,22,Accessory,Regular
Foot Locker,1185732,12/20/2021,Northeast,Maryland,Baltimore,Men's Athletic Footwear,$46.00 ,65.0,2990.0,"$1,495 ",50%,Online,Husein Augar,15,Accessory,Youth
Walmart,1197831,9/12/2020,South,Texas,Houston,Men's Athletic Footwear,$29.00 ,248.0,7192.0,"$2,805 ",39%,Outlet,Madelene Upcott,8,Mix,Productivity
West Gear,1185732,5/4/2021,Midwest,Wisconsin,Milwaukee,Women's Street Footwear,$33.00 ,49.0,1617.0,$728 ,45%,Online,Kaine Padly,5,Accessory,Regular
Foot Locker,1185732,10/19/2021,Northeast,New Hampshire,Manchester,Men's Athletic Footwear,$44.00 ,99.0,4356.0,"$1,917 ",44%,Outlet,Wilone O'Kielt,1,Rural,Regular
Kohl's,1189833,4/21/2021,West,California,Los Angeles,Women's Street Footwear,$48.00 ,203.0,9744.0,"$5,359 ",55%,Online,Kelci Walkden,18,Mix,All Season
West Gear,1185732,7/16/2021,Northeast,West Virginia,Charleston,Women's Street Footwear,$50.00 ,325.0,162500.0,"$65,000 ",40%,In-store,Camilla Castle,19,Accessory,Convenience
West Gear,1128299,8/24/2021,West,Oregon,Portland,Men's Athletic Footwear,$76.00 ,233.0,17708.0,"$8,677 ",49%,Online,Dotty Strutley,2,Rural,Regular
Foot Locker,1185732,11/18/2021,Midwest,Missouri,St. Louis,Men's Apparel,$45.00 ,300.0,135000.0,"$47,250 ",35%,In-store,Curtice Advani,4,Urban,Regular
West Gear,1128299,3/23/2021,West,Oregon,Portland,Women's Apparel,$40.00 ,90.0,3600.0,"$1,260 ",35%,Outlet,Rafaelita Blaksland,8,Mix,Convenience
Foot Locker,1128299,11/24/2021,Southeast,Virginia,Richmond,Women's Athletic Footwear,$36.00 ,144.0,5184.0,"$2,022 ",39%,Outlet,Husein Augar,14,Youth,Convenience
Foot Locker,1185732,8/14/2021,Northeast,Delaware,Wilmington,Women's Apparel,$60.00 ,400.0,240000.0,"$96,000 ",40%,In-store,Husein Augar,11,Urban,Convenience
Sports Direct,1197831,9/6/2021,South,Alabama,Birmingham,Men's Street Footwear,$45.00 ,825.0,371250.0,"$185,625 ",50%,Outlet,Camilla Castle,14,Rural,Convenience
Foot Locker,1185732,11/17/2021,Northeast,West Virginia,Charleston,Women's Street Footwear,$32.00 ,77.0,2464.0,"$1,232 ",50%,Online,Jan Morforth,21,Mix,Youth
Sports Direct,1185732,2/17/2021,Midwest,Michigan,Detroit,Women's Athletic Footwear,$28.00 ,109.0,3052.0,"$1,495 ",49%,Online,Dennison Crosswaite,16,Rural,Convenience
Walmart,1197831,3/19/2021,South,Arkansas,Little Rock,Men's Athletic Footwear,$20.00 ,98.0,1960.0,$882 ,45%,Online,Brien Boise,20,Youth,Select
Amazon,1185732,11/21/2021,Northeast,Maine,Portland,Men's Apparel,$55.00 ,200.0,110000.0,"$27,500 ",25%,Outlet,Madelene Upcott,17,Accessory,All Season
West Gear,1197831,2/21/2021,South,Arkansas,Little Rock,Women's Street Footwear,$15.00 ,91.0,1365.0,$683 ,50%,Online,Jan Morforth,15,Mix,Productivity
Foot Locker,1128299,3/22/2021,West,Arizona,Phoenix,Men's Apparel,$41.00 ,39.0,1599.0,$512 ,32%,Outlet,Dennison Crosswaite,5,Accessory,Convenience
Sports Direct,1128299,3/16/2021,Southeast,Florida,Orlando,Men's Athletic Footwear,$60.00 ,400.0,240000.0,"$60,000 ",25%,Outlet,Rafaelita Blaksland,18,Accessory,All Season
Sports Direct,1185732,8/9/2021,Midwest,North Dakota,Fargo,Men's Athletic Footwear,$42.00 ,90.0,3780.0,"$1,512 ",40%,Online,Mallorie Waber,8,Urban,Youth
Foot Locker,1185732,1/10/2021,Northeast,Connecticut,Hartford,Women's Street Footwear,$25.00 ,225.0,56250.0,"$22,500 ",40%,In-store,Rafaelita Blaksland,16,Mix,Extreme
Kohl's,1185732,7/10/2021,West,Wyoming,Cheyenne,Men's Apparel,$48.00 ,137.0,6576.0,"$2,762 ",42%,Online,Oby Sorrel,8,Youth,Regular
Foot Locker,1185732,12/22/2021,Northeast,Pennsylvania,Philadelphia,Men's Athletic Footwear,$55.00 ,60.0,3300.0,"$1,551 ",47%,Online,Dotty Strutley,11,Accessory,Productivity
West Gear,1128299,1/22/2021,West,California,San Francisco,Men's Apparel,$59.00 ,263.0,15517.0,"$8,845 ",57%,Outlet,Gunar Cockshoot,9,Accessory,Regular
Walmart,1197831,4/20/2021,South,Arkansas,Little Rock,Men's Street Footwear,$25.00 ,600.0,150000.0,"$60,000 ",40%,Online,Dennison Crosswaite,21,Urban,Select
Foot Locker,1128299,2/23/2021,West,Idaho,Boise,Men's Street Footwear,$21.00 ,162.0,3402.0,"$1,259 ",37%,Outlet,Ches Bonnell,6,Accessory,Select
Walmart,1197831,8/27/2020,South,Texas,Houston,Women's Athletic Footwear,$40.00 ,700.0,280000.0,"$126,000 ",45%,Outlet,Roddy Speechley,18,Urban,Extreme
Foot Locker,1185732,9/7/2021,Midwest,Iowa,Des Moines,Men's Street Footwear,$34.00 ,133.0,4522.0,"$1,809 ",40%,Online,Ches Bonnell,20,Youth,Youth
Sports Direct,1197831,9/28/2021,South,Alabama,Birmingham,Men's Apparel,$22.00 ,105.0,2310.0,"$1,132 ",49%,Outlet,Oby Sorrel,7,Urban,All Season
Foot Locker,1185732,9/24/2020,Southeast,Florida,Miami,Men's Athletic Footwear,$50.00 ,850.0,425000.0,"$148,750 ",35%,In-store,Jehu Rudeforth,22,Youth,All Season
West Gear,1128299,11/5/2020,West,California,San Francisco,Men's Apparel,$51.00 ,161.0,8211.0,"$5,173 ",63%,Online,Karlen McCaffrey,10,Youth,Convenience
West Gear,1185732,5/8/2021,Northeast,New York,Albany,Men's Athletic Footwear,$53.00 ,161.0,8533.0,"$4,011 ",47%,Online,Madelene Upcott,10,Rural,Convenience
West Gear,1128299,9/25/2021,West,Oregon,Portland,Men's Street Footwear,$46.00 ,122.0,5612.0,"$2,525 ",45%,Online,Karlen McCaffrey,15,Mix,Convenience
Kohl's,1185732,2/8/2021,Northeast,New Jersey,Newark,Men's Apparel,$41.00 ,47.0,1927.0,$771 ,40%,Online,Husein Augar,9,Accessory,Extreme
Foot Locker,1185732,1/1/2020,Northeast,Pennsylvania,Philadelphia,Women's Apparel,$53.00 ,83.0,4399.0,"$1,408 ",32%,Outlet,Kelci Walkden,13,Rural,Extreme
West Gear,1185732,6/3/2021,Midwest,Wisconsin,Milwaukee,Men's Athletic Footwear,$27.00 ,90.0,2430.0,"$1,191 ",49%,Online,Kaine Padly,12,Youth,Youth
West Gear,1128299,5/25/2021,West,Oregon,Portland,Men's Street Footwear,$48.00 ,145.0,6960.0,"$3,132 ",45%,Online,Camilla Castle,6,Urban,Select
West Gear,1128299,7/21/2020,West,Washington,Seattle,Women's Street Footwear,$60.00 ,375.0,225000.0,"$56,250 ",25%,In-store,Gunar Cockshoot,4,Urban,Extreme
Amazon,1185732,10/12/2021,Northeast,Vermont,Burlington,Men's Street Footwear,$44.00 ,157.0,6908.0,"$3,247 ",47%,Outlet,Rafaelita Blaksland,12,Mix,All Season
Amazon,1185732,11/14/2021,Northeast,Massachusetts,Boston,Women's Apparel,$48.00 ,123.0,5904.0,"$2,066 ",35%,Outlet,Madelene Upcott,15,Youth,Convenience
Amazon,1185732,11/22/2021,Southeast,Kentucky,Louisville,Men's Street Footwear,$50.00 ,425.0,212500.0,"$85,000 ",40%,Online,Beverie Moffet,2,Urban,Productivity
Amazon,1185732,9/10/2021,Northeast,Vermont,Burlington,Women's Street Footwear,$50.00 ,225.0,112500.0,"$39,375 ",35%,In-store,Wilone O'Kielt,3,Urban,Extreme
West Gear,1128299,12/23/2021,West,Oregon,Portland,Women's Street Footwear,$67.00 ,165.0,11055.0,"$4,975 ",45%,Online,Beverie Moffet,11,Mix,Regular
Walmart,1128299,6/17/2021,Southeast,Florida,Orlando,Women's Athletic Footwear,$66.00 ,196.0,12936.0,"$4,786 ",37%,Outlet,Karlen McCaffrey,1,Youth,Accessory
Kohl's,1185732,4/7/2021,Northeast,New Jersey,Newark,Men's Street Footwear,$35.00 ,475.0,166250.0,"$58,188 ",35%,In-store,Andria Kimpton,2,Accessory,Select
Foot Locker,1185732,3/7/2020,Northeast,New York,New York,Women's Athletic Footwear,$50.00 ,900.0,450000.0,"$157,500 ",35%,Outlet,Madelene Upcott,6,Rural,All Season
Foot Locker,1185732,5/13/2021,Northeast,Delaware,Wilmington,Women's Apparel,$54.00 ,104.0,5616.0,"$3,089 ",55%,Online,Andria Kimpton,12,Youth,Productivity
Foot Locker,1128299,4/24/2021,Southeast,Virginia,Richmond,Men's Street Footwear,$55.00 ,475.0,261250.0,"$91,438 ",35%,In-store,Oby Sorrel,18,Accessory,Moderation
Sports Direct,1197831,4/17/2021,South,Tennessee,Knoxville,Women's Street Footwear,$40.00 ,975.0,390000.0,"$175,500 ",45%,Outlet,Dennison Crosswaite,7,Youth,Select
Walmart,1197831,8/23/2020,South,Texas,Houston,Women's Apparel,$50.00 ,1000.0,500000.0,"$250,000 ",50%,Outlet,Dennison Crosswaite,15,Youth,Moderation
Foot Locker,1185732,7/16/2021,Midwest,Illinois,Chicago,Men's Apparel,$50.00 ,200.0,100000.0,"$35,000 ",35%,Outlet,Andria Kimpton,6,Mix,Select
West Gear,1185732,12/5/2021,Midwest,Iowa,Des Moines,Women's Apparel,$59.00 ,88.0,5192.0,"$2,856 ",55%,Online,Mallorie Waber,1,Rural,Productivity
Amazon,1185732,3/17/2021,Northeast,New Hampshire,Manchester,Men's Street Footwear,$49.00 ,165.0,8085.0,"$4,043 ",50%,Online,Van Tuxwell,21,Youth,Extreme
Foot Locker,1185732,6/8/2021,Midwest,Illinois,Chicago,Women's Street Footwear,$35.00 ,225.0,78750.0,"$27,563 ",35%,Outlet,Rafaelita Blaksland,8,Youth,Regular
West Gear,1128299,1/3/2021,West,California,San Francisco,Women's Athletic Footwear,$56.00 ,182.0,10192.0,"$4,586 ",45%,Online,Jan Morforth,6,Youth,Regular
Foot Locker,1185732,7/19/2021,Midwest,Illinois,Chicago,Men's Athletic Footwear,$45.00 ,300.0,135000.0,"$47,250 ",35%,Outlet,Brien Boise,18,Rural,Extreme
Foot Locker,1128299,6/10/2021,West,Hawaii,Honolulu,Men's Street Footwear,$67.00 ,210.0,14070.0,"$5,628 ",40%,Online,Jan Morforth,14,Accessory,Convenience
Sports Direct,1185732,12/16/2021,South,Mississippi,Jackson,Men's Athletic Footwear,$60.00 ,575.0,345000.0,"$120,750 ",35%,Online,Dotty Strutley,2,Youth,Convenience
Foot Locker,1128299,4/24/2021,Southeast,Virginia,Richmond,Men's Athletic Footwear,$44.00 ,85.0,3740.0,"$1,533 ",41%,Outlet,Jan Morforth,8,Rural,All Season
Kohl's,1128299,3/25/2021,West,New Mexico,Albuquerque,Women's Apparel,$50.00 ,98.0,4900.0,"$1,862 ",38%,Online,Brien Boise,21,Accessory,All Season
West Gear,1185732,8/11/2021,West,Utah,Salt Lake City,Women's Street Footwear,$30.00 ,450.0,135000.0,"$47,250 ",35%,In-store,Husein Augar,15,Urban,Select
Sports Direct,1197831,8/29/2021,South,Texas,Dallas,Men's Street Footwear,$18.00 ,182.0,3276.0,"$1,474 ",45%,Online,Brien Boise,14,Mix,Regular
West Gear,1128299,1/21/2020,West,Nevada,Las Vegas,Men's Athletic Footwear,$62.00 ,102.0,6324.0,"$2,403 ",38%,Online,Mallorie Waber,12,Youth,Accessory
Foot Locker,1185732,8/6/2021,Midwest,Iowa,Des Moines,Women's Apparel,$53.00 ,98.0,5194.0,"$2,857 ",55%,Online,Beverie Moffet,13,Rural,Regular
West Gear,1185732,12/10/2021,West,Utah,Salt Lake City,Women's Apparel,$45.00 ,500.0,225000.0,"$112,500 ",50%,In-store,Husein Augar,1,Urban,Extreme
Sports Direct,1128299,11/13/2021,Southeast,Georgia,Atlanta,Women's Apparel,$65.00 ,124.0,8060.0,"$2,821 ",35%,Online,Roddy Speechley,18,Accessory,Moderation
Amazon,1185732,12/13/2021,Northeast,Massachusetts,Boston,Men's Street Footwear,$51.00 ,178.0,9078.0,"$3,177 ",35%,Outlet,Oby Sorrel,12,Urban,Extreme
Sports Direct,1197831,4/23/2021,South,Tennessee,Knoxville,Women's Street Footwear,$46.00 ,285.0,13110.0,"$7,866 ",60%,Online,Jehu Rudeforth,4,Mix,Select
West Gear,1128299,4/15/2020,West,Colorado,Denver,Men's Athletic Footwear,$65.00 ,575.0,373750.0,"$130,813 ",35%,In-store,Barr Faughny,2,Mix,All Season
West Gear,1128299,1/2/2020,Northeast,Pennsylvania,Philadelphia,Men's Street Footwear,$35.00 ,450.0,157500.0,"$63,000 ",40%,Outlet,Camilla Castle,8,Accessory,Youth
Walmart,1128299,4/17/2021,Southeast,Florida,Orlando,Women's Athletic Footwear,$41.00 ,90.0,3690.0,"$1,292 ",35%,Outlet,Mallorie Waber,5,Youth,Convenience
Kohl's,1128299,6/26/2021,West,New Mexico,Albuquerque,Men's Athletic Footwear,$54.00 ,154.0,8316.0,"$4,324 ",52%,Online,Brien Boise,14,Mix,All Season
Amazon,1185732,10/15/2021,Northeast,Massachusetts,Boston,Women's Apparel,$66.00 ,65.0,4290.0,"$1,888 ",44%,Online,Kelci Walkden,19,Youth,Accessory
Sports Direct,1128299,8/13/2021,Southeast,Georgia,Atlanta,Women's Athletic Footwear,$53.00 ,113.0,5989.0,"$3,114 ",52%,Online,Jan Morforth,5,Youth,Moderation
Sports Direct,1185732,8/16/2021,Midwest,Michigan,Detroit,Women's Street Footwear,$45.00 ,575.0,258750.0,"$77,625 ",30%,In-store,Dennison Crosswaite,6,Urban,Moderation
Foot Locker,1185732,11/22/2021,Southeast,Kentucky,Louisville,Women's Athletic Footwear,$55.00 ,200.0,110000.0,"$44,000 ",40%,Online,Roddy Speechley,21,Rural,Select
Walmart,1197831,8/15/2020,South,Texas,Houston,Women's Athletic Footwear,$40.00 ,700.0,280000.0,"$126,000 ",45%,Outlet,Andria Kimpton,8,Accessory,Moderation
Amazon,1185732,2/22/2021,Midwest,Ohio,Columbus,Women's Street Footwear,$30.00 ,250.0,75000.0,"$30,000 ",40%,Online,Dennison Crosswaite,1,Urban,Youth
Foot Locker,1185732,10/23/2021,South,Texas,Dallas,Men's Athletic Footwear,$41.00 ,68.0,2788.0,"$1,310 ",47%,Online,Kelci Walkden,16,Youth,Extreme
Foot Locker,1185732,7/12/2021,Midwest,Nebraska,Omaha,Men's Apparel,$30.00 ,75.0,22500.0,"$7,875 ",35%,Outlet,Curtice Advani,4,Urban,Select
Foot Locker,1185732,3/16/2021,South,Mississippi,Jackson,Women's Athletic Footwear,$15.00 ,85.0,1275.0,$574 ,45%,Outlet,Andria Kimpton,12,Youth,Productivity
Kohl's,1189833,4/25/2021,West,California,Los Angeles,Men's Street Footwear,$45.00 ,950.0,427500.0,"$171,000 ",40%,Outlet,Kaine Padly,9,Mix,Accessory
Sports Direct,1128299,4/13/2021,Southeast,Georgia,Atlanta,Men's Athletic Footwear,$51.00 ,88.0,4488.0,"$2,244 ",50%,Online,Beverie Moffet,3,Youth,Moderation
Sports Direct,1185732,12/16/2021,South,Mississippi,Jackson,Women's Athletic Footwear,$41.00 ,143.0,5863.0,"$2,756 ",47%,Outlet,Beverie Moffet,17,Mix,All Season
Sports Direct,1197831,8/20/2021,South,Texas,Dallas,Women's Athletic Footwear,$32.00 ,128.0,4096.0,"$2,171 ",53%,Online,Mallorie Waber,18,Rural,Youth
Foot Locker,1185732,3/16/2021,South,Mississippi,Jackson,Women's Street Footwear,$14.00 ,128.0,1792.0,$950 ,53%,Online,Madelene Upcott,15,Mix,All Season
West Gear,1185732,3/10/2021,West,Utah,Salt Lake City,Men's Street Footwear,$30.00 ,670.0,201000.0,"$80,400 ",40%,In-store,Dennison Crosswaite,12,Urban,Regular
Foot Locker,1128299,3/9/2021,West,Hawaii,Honolulu,Women's Athletic Footwear,$52.00 ,69.0,3588.0,"$1,292 ",36%,Online,Dotty Strutley,17,Mix,Extreme
Foot Locker,1185732,7/11/2021,Midwest,South Dakota,Sioux Falls,Men's Athletic Footwear,$45.00 ,300.0,135000.0,"$40,500 ",30%,Online,Ches Bonnell,16,Urban,Youth
Amazon,1185732,6/22/2021,Southeast,Kentucky,Louisville,Men's Street Footwear,$36.00 ,142.0,5112.0,"$2,556 ",50%,Online,Roddy Speechley,3,Accessory,Regular
Sports Direct,1128299,7/12/2021,Southeast,Georgia,Atlanta,Men's Street Footwear,$47.00 ,196.0,9212.0,"$4,606 ",50%,Online,Van Tuxwell,4,Youth,All Season
Sports Direct,1197831,3/14/2021,South,Tennessee,Knoxville,Men's Apparel,$39.00 ,95.0,3705.0,"$1,482 ",40%,Online,Husein Augar,21,Rural,Youth
West Gear,1128299,12/26/2020,West,California,San Francisco,Men's Athletic Footwear,$62.00 ,203.0,12586.0,"$3,776 ",30%,Online,Gigi Bohling,21,Urban,Extreme
Sports Direct,1197831,8/8/2021,West,Idaho,Boise,Men's Apparel,$39.00 ,166.0,6474.0,"$2,719 ",42%,Outlet,Jan Morforth,5,Urban,Youth
Sports Direct,1185732,4/14/2021,Northeast,Massachusetts,Boston,Men's Street Footwear,$28.00 ,149.0,4172.0,"$1,377 ",33%,Outlet,Brien Boise,3,Urban,Regular
West Gear,1197831,5/19/2021,South,Oklahoma,Oklahoma City,Women's Athletic Footwear,$34.00 ,59.0,2006.0,"$1,103 ",55%,Online,Husein Augar,12,Youth,Extreme
Sports Direct,1185732,3/15/2021,Midwest,Michigan,Detroit,Men's Street Footwear,$34.00 ,216.0,7344.0,"$4,480 ",61%,Online,Wilone O'Kielt,7,Rural,Convenience
West Gear,1128299,2/11/2020,West,Nevada,Las Vegas,Men's Apparel,$60.00 ,130.0,7800.0,"$5,460 ",70%,Online,Dennison Crosswaite,10,Accessory,Productivity
Sports Direct,1197831,9/5/2021,South,Alabama,Birmingham,Women's Apparel,$55.00 ,875.0,481250.0,"$288,750 ",60%,Outlet,Marney O'Breen,11,Mix,Productivity
Foot Locker,1128299,12/12/2021,Southeast,Georgia,Atlanta,Women's Street Footwear,$36.00 ,147.0,5292.0,"$2,223 ",42%,Outlet,Andria Kimpton,18,Mix,All Season
Foot Locker,1128299,5/11/2021,West,Hawaii,Honolulu,Women's Street Footwear,$60.00 ,375.0,225000.0,"$56,250 ",25%,Outlet,Van Tuxwell,20,Rural,Moderation
Foot Locker,1197831,11/13/2021,Midwest,Kansas,Wichita,Men's Street Footwear,$25.00 ,450.0,112500.0,"$39,375 ",35%,Online,Mallorie Waber,22,Rural,Select
Foot Locker,1185732,3/17/2021,Midwest,Missouri,St. Louis,Men's Street Footwear,$35.00 ,620.0,217000.0,"$86,800 ",40%,In-store,Camilla Castle,4,Mix,All Season
Sports Direct,1185732,8/16/2021,Midwest,Michigan,Detroit,Men's Apparel,$42.00 ,135.0,5670.0,"$3,005 ",53%,Online,Dennison Crosswaite,21,Urban,All Season
West Gear,1128299,11/9/2020,West,California,San Francisco,Women's Street Footwear,$40.00 ,247.0,9880.0,"$4,051 ",41%,Outlet,Kelci Walkden,21,Rural,Extreme
Foot Locker,1185732,5/19/2021,Midwest,Missouri,St. Louis,Men's Apparel,$45.00 ,250.0,112500.0,"$39,375 ",35%,In-store,Rafaelita Blaksland,18,Urban,Select
West Gear,1185732,2/3/2021,Midwest,Iowa,Des Moines,Men's Athletic Footwear,$30.00 ,150.0,45000.0,"$15,750 ",35%,In-store,Dotty Strutley,16,Urban,Select
West Gear,1185732,1/17/2021,Midwest,Indiana,Indianapolis,Men's Street Footwear,$35.00 ,500.0,175000.0,"$70,000 ",40%,In-store,Roddy Speechley,16,Youth,Moderation
West Gear,1185732,5/11/2021,Midwest,Indiana,Indianapolis,Women's Street Footwear,$34.00 ,56.0,1904.0,$895 ,47%,Online,Andria Kimpton,10,Urban,Extreme
Foot Locker,1185732,12/18/2021,Northeast,Pennsylvania,Philadelphia,Women's Athletic Footwear,$40.00 ,34.0,1360.0,$517 ,38%,Outlet,Barr Faughny,17,Accessory,Youth
West Gear,1197831,10/21/2021,South,Oklahoma,Oklahoma City,Men's Street Footwear,$29.00 ,137.0,3973.0,"$2,145 ",54%,Online,Jehu Rudeforth,17,Youth,Extreme
West Gear,1128299,6/17/2021,South,Louisiana,New Orleans,Men's Street Footwear,$60.00 ,825.0,495000.0,"$198,000 ",40%,Online,Wilone O'Kielt,17,Mix,Productivity
West Gear,1128299,11/5/2020,West,California,San Francisco,Men's Apparel,$55.00 ,575.0,316250.0,"$158,125 ",50%,Outlet,Jan Morforth,12,Rural,Select
Foot Locker,1185732,12/17/2021,Northeast,New Hampshire,Manchester,Men's Athletic Footwear,$59.00 ,115.0,6785.0,"$3,732 ",55%,Online,Curtice Advani,17,Rural,Select
Foot Locker,1185732,2/1/2020,Northeast,New York,New York,Men's Athletic Footwear,$50.00 ,900.0,450000.0,"$135,000 ",30%,Outlet,Beverie Moffet,3,Accessory,Youth
West Gear,1185732,5/11/2021,Midwest,Indiana,Indianapolis,Men's Apparel,$45.00 ,200.0,90000.0,"$27,000 ",30%,In-store,Madelene Upcott,10,Rural,Productivity
West Gear,1185732,3/16/2021,Northeast,West Virginia,Charleston,Women's Athletic Footwear,$23.00 ,49.0,1127.0,$597 ,53%,Online,Roddy Speechley,12,Youth,Youth
Kohl's,1197831,9/12/2021,Midwest,Kansas,Wichita,Men's Street Footwear,$47.00 ,165.0,7755.0,"$3,878 ",50%,Online,Kaine Padly,4,Urban,Youth
West Gear,1197831,5/19/2021,South,Oklahoma,Oklahoma City,Men's Athletic Footwear,$29.00 ,93.0,2697.0,"$1,025 ",38%,Outlet,Andria Kimpton,20,Mix,Youth
Sports Direct,1185732,1/9/2021,Midwest,South Dakota,Sioux Falls,Men's Street Footwear,$33.00 ,128.0,4224.0,"$1,901 ",45%,Online,Husein Augar,10,Youth,Accessory
Amazon,1185732,12/10/2021,Northeast,Vermont,Burlington,Women's Athletic Footwear,$56.00 ,81.0,4536.0,"$2,041 ",45%,Online,Rafaelita Blaksland,16,Youth,Productivity
Sports Direct,1185732,7/15/2021,Midwest,Michigan,Detroit,Women's Apparel,$65.00 ,725.0,471250.0,"$259,188 ",55%,In-store,Jehu Rudeforth,11,Youth,Convenience
Walmart,1197831,10/29/2020,South,Texas,Houston,Women's Athletic Footwear,$36.00 ,210.0,7560.0,"$3,931 ",52%,Outlet,Dotty Strutley,2,Rural,Regular
Foot Locker,1197831,12/4/2021,West,Idaho,Boise,Men's Apparel,$43.00 ,147.0,6321.0,"$2,592 ",41%,Outlet,Karlen McCaffrey,11,Accessory,Productivity
Foot Locker,1185732,5/5/2021,Southeast,South Carolina,Charleston,Men's Street Footwear,$50.00 ,1045.0,522500.0,"$235,125 ",45%,Online,Brien Boise,8,Youth,Productivity
Sports Direct,1185732,11/17/2021,South,Mississippi,Jackson,Women's Apparel,$68.00 ,158.0,10744.0,"$6,554 ",61%,Online,Karlen McCaffrey,8,Urban,All Season
Kohl's,1185732,5/6/2021,Northeast,New Jersey,Newark,Women's Apparel,$51.00 ,102.0,5202.0,"$2,705 ",52%,Online,Gunar Cockshoot,4,Urban,Moderation
West Gear,1128299,1/22/2020,West,Nevada,Las Vegas,Women's Street Footwear,$47.00 ,120.0,5640.0,"$2,538 ",45%,Outlet,Andria Kimpton,3,Youth,Regular
Foot Locker,1185732,12/15/2021,Midwest,Michigan,Detroit,Women's Apparel,$65.00 ,650.0,422500.0,"$232,375 ",55%,In-store,Oby Sorrel,10,Mix,Extreme
Sports Direct,1185732,8/4/2021,Northeast,Connecticut,Hartford,Women's Athletic Footwear,$41.00 ,68.0,2788.0,"$1,143 ",41%,Online,Husein Augar,16,Accessory,Youth
Kohl's,1128299,3/25/2021,West,New Mexico,Albuquerque,Women's Athletic Footwear,$50.00 ,83.0,4150.0,"$1,909 ",46%,Online,Jehu Rudeforth,2,Youth,Moderation
Amazon,1185732,2/19/2021,Northeast,Vermont,Burlington,Men's Athletic Footwear,$45.00 ,75.0,3375.0,"$1,721 ",51%,Online,Beverie Moffet,22,Urban,Convenience
Sports Direct,1197831,4/10/2021,South,Tennessee,Knoxville,Men's Athletic Footwear,$42.00 ,202.0,8484.0,"$4,327 ",51%,Online,Van Tuxwell,6,Mix,Extreme
Foot Locker,1185732,3/16/2021,South,Mississippi,Jackson,Men's Apparel,$32.00 ,81.0,2592.0,"$1,192 ",46%,Online,Gunar Cockshoot,14,Rural,Youth
West Gear,1197831,4/20/2021,South,Oklahoma,Oklahoma City,Women's Apparel,$22.00 ,111.0,2442.0,"$1,050 ",43%,Outlet,Barr Faughny,22,Rural,Regular
Sports Direct,1128299,11/13/2021,Southeast,Georgia,Atlanta,Men's Apparel,$60.00 ,102.0,6120.0,"$2,876 ",47%,Online,Camilla Castle,19,Mix,Extreme
Sports Direct,1197831,9/5/2021,South,Texas,Dallas,Men's Athletic Footwear,$30.00 ,775.0,232500.0,"$81,375 ",35%,Outlet,Dennison Crosswaite,17,Urban,Extreme
Sports Direct,1185732,2/9/2021,Midwest,North Dakota,Fargo,Women's Athletic Footwear,$29.00 ,30.0,870.0,$392 ,45%,Online,Brien Boise,22,Mix,Moderation
Foot Locker,1128299,6/23/2021,West,Arizona,Phoenix,Men's Apparel,$51.00 ,68.0,3468.0,"$1,457 ",42%,Online,Oby Sorrel,2,Mix,Moderation
Sports Direct,1185732,1/9/2021,Midwest,South Dakota,Sioux Falls,Women's Street Footwear,$25.00 ,275.0,68750.0,"$20,625 ",30%,Online,Curtice Advani,19,Accessory,Select
Foot Locker,1197831,8/8/2021,West,Idaho,Boise,Men's Athletic Footwear,$53.00 ,195.0,10335.0,"$5,478 ",53%,Online,Kaine Padly,15,Mix,Regular
Walmart,1197831,8/28/2020,South,Texas,Houston,Men's Apparel,$45.00 ,700.0,315000.0,"$94,500 ",30%,Outlet,Dennison Crosswaite,20,Urban,All Season
Foot Locker,1128299,7/23/2021,Southeast,Virginia,Richmond,Women's Apparel,$105.00 ,600.0,630000.0,"$189,000 ",30%,In-store,Marney O'Breen,3,Urban,Moderation
Foot Locker,1185732,6/19/2021,Midwest,Illinois,Chicago,Men's Athletic Footwear,$48.00 ,44.0,2112.0,$972 ,46%,Online,Beverie Moffet,16,Accessory,All Season
Walmart,1197831,5/19/2021,South,Arkansas,Little Rock,Men's Athletic Footwear,$40.00 ,375.0,150000.0,"$52,500 ",35%,Online,Gunar Cockshoot,16,Urban,Youth
Kohl's,1189833,4/30/2021,West,California,Los Angeles,Women's Apparel,$51.00 ,224.0,11424.0,"$2,628 ",23%,Outlet,Karlen McCaffrey,4,Youth,Convenience
Foot Locker,1185732,11/28/2021,Northeast,Pennsylvania,Philadelphia,Men's Athletic Footwear,$55.00 ,90.0,4950.0,"$2,475 ",50%,Online,Karlen McCaffrey,12,Rural,Productivity
Foot Locker,1128299,5/25/2021,Southeast,Virginia,Richmond,Men's Street Footwear,$50.00 ,500.0,250000.0,"$87,500 ",35%,In-store,Jehu Rudeforth,5,Urban,Accessory
Foot Locker,1197831,2/4/2021,West,Idaho,Boise,Men's Apparel,$39.00 ,70.0,2730.0,$956 ,35%,Online,Beverie Moffet,22,Urban,Convenience
Foot Locker,1128299,2/24/2021,Southeast,Virginia,Richmond,Men's Apparel,$42.00 ,38.0,1596.0,$878 ,55%,Online,Barr Faughny,10,Mix,Productivity
Walmart,1128299,10/17/2021,Southeast,Florida,Orlando,Women's Apparel,$70.00 ,400.0,280000.0,"$126,000 ",45%,In-store,Ches Bonnell,9,Accessory,Youth
West Gear,1185732,11/11/2021,West,Utah,Salt Lake City,Women's Street Footwear,$19.00 ,93.0,1767.0,$848 ,48%,Online,Gunar Cockshoot,13,Youth,Accessory
Foot Locker,1185732,6/8/2021,Northeast,Rhode Island,Providence,Women's Athletic Footwear,$26.00 ,70.0,1820.0,$837 ,46%,Outlet,Oby Sorrel,11,Mix,Extreme
Sports Direct,1197831,9/12/2021,South,Texas,Dallas,Women's Street Footwear,$45.00 ,650.0,292500.0,"$102,375 ",35%,Outlet,Jehu Rudeforth,20,Accessory,Productivity
Foot Locker,1185732,12/21/2021,Northeast,Pennsylvania,Philadelphia,Men's Street Footwear,$48.00 ,124.0,5952.0,"$3,571 ",60%,Outlet,Barr Faughny,13,Youth,Select
Sports Direct,1197831,5/12/2021,South,Tennessee,Knoxville,Women's Athletic Footwear,$38.00 ,157.0,5966.0,"$3,699 ",62%,Outlet,Wilone O'Kielt,4,Urban,Accessory
West Gear,1128299,4/30/2020,West,Colorado,Denver,Men's Apparel,$74.00 ,140.0,10360.0,"$7,563 ",73%,Online,Karlen McCaffrey,14,Mix,Convenience
West Gear,1185732,8/10/2021,Midwest,Indiana,Indianapolis,Women's Athletic Footwear,$38.00 ,60.0,2280.0,"$1,072 ",47%,Online,Mallorie Waber,1,Mix,All Season
Sports Direct,1185732,11/7/2021,Northeast,New Jersey,Newark,Women's Athletic Footwear,$49.00 ,65.0,3185.0,"$1,752 ",55%,Online,Brien Boise,11,Rural,Moderation
West Gear,1128299,5/2/2020,West,Colorado,Denver,Men's Street Footwear,$65.00 ,600.0,390000.0,"$156,000 ",40%,In-store,Wilone O'Kielt,12,Youth,Extreme
West Gear,1185732,2/17/2021,Midwest,Indiana,Indianapolis,Men's Athletic Footwear,$40.00 ,200.0,80000.0,"$32,000 ",40%,In-store,Van Tuxwell,1,Accessory,All Season
Sports Direct,1128299,1/13/2021,West,New Mexico,Albuquerque,Men's Apparel,$45.00 ,250.0,112500.0,"$39,375 ",35%,Online,Van Tuxwell,22,Urban,All Season
Foot Locker,1185732,1/18/2021,Midwest,Michigan,Detroit,Women's Athletic Footwear,$24.00 ,77.0,1848.0,$961 ,52%,Online,Jan Morforth,2,Youth,Extreme
Foot Locker,1185732,7/17/2021,Midwest,Missouri,St. Louis,Women's Athletic Footwear,$30.00 ,375.0,112500.0,"$45,000 ",40%,In-store,Gunar Cockshoot,13,Urban,Regular
Walmart,1185732,4/21/2020,Northeast,New York,New York,Women's Street Footwear,$36.00 ,315.0,11340.0,"$4,423 ",39%,Outlet,Jehu Rudeforth,11,Urban,Moderation
West Gear,1185732,11/10/2021,Midwest,Indiana,Indianapolis,Women's Athletic Footwear,$34.00 ,83.0,2822.0,"$1,411 ",50%,Online,Van Tuxwell,18,Urban,Moderation
Walmart,1197831,9/4/2020,South,Texas,Houston,Women's Apparel,$46.00 ,225.0,10350.0,"$6,728 ",65%,Online,Gigi Bohling,5,Youth,Regular
West Gear,1185732,2/10/2021,Midwest,Wisconsin,Milwaukee,Men's Street Footwear,$35.00 ,550.0,192500.0,"$77,000 ",40%,In-store,Camilla Castle,13,Mix,Convenience
Sports Direct,1185732,12/6/2021,Northeast,Rhode Island,Providence,Women's Athletic Footwear,$50.00 ,225.0,112500.0,"$45,000 ",40%,In-store,Husein Augar,15,Rural,Moderation
West Gear,1128299,1/9/2021,West,California,San Francisco,Women's Athletic Footwear,$41.00 ,224.0,9184.0,"$3,765 ",41%,Outlet,Marney O'Breen,21,Rural,All Season
West Gear,1197831,11/20/2021,South,Arkansas,Little Rock,Women's Street Footwear,$23.00 ,90.0,2070.0,"$1,056 ",51%,Online,Gigi Bohling,21,Accessory,Regular
Amazon,1185732,1/13/2021,Southeast,North Carolina,Charlotte,Women's Street Footwear,$25.00 ,575.0,143750.0,"$57,500 ",40%,Online,Rafaelita Blaksland,4,Mix,All Season
Foot Locker,1185732,12/10/2021,West,Wyoming,Cheyenne,Women's Street Footwear,$44.00 ,165.0,7260.0,"$3,340 ",46%,Online,Andria Kimpton,22,Mix,Accessory
West Gear,1185732,4/24/2020,Southeast,Florida,Miami,Women's Athletic Footwear,$50.00 ,700.0,350000.0,"$105,000 ",30%,In-store,Rafaelita Blaksland,13,Accessory,Productivity
Kohl's,1189833,3/17/2021,West,California,Los Angeles,Men's Apparel,$50.00 ,450.0,225000.0,"$123,750 ",55%,Outlet,Jan Morforth,16,Rural,Extreme
West Gear,1185732,11/11/2021,Northeast,Vermont,Burlington,Men's Athletic Footwear,$55.00 ,81.0,4455.0,"$2,584 ",58%,Online,Curtice Advani,11,Youth,Youth
Foot Locker,1185732,7/2/2021,Midwest,Nebraska,Omaha,Men's Street Footwear,$45.00 ,500.0,225000.0,"$90,000 ",40%,Outlet,Brien Boise,18,Youth,Regular
Amazon,1185732,1/21/2021,Northeast,Vermont,Burlington,Men's Athletic Footwear,$45.00 ,91.0,4095.0,"$2,170 ",53%,Online,Gunar Cockshoot,17,Youth,Extreme
West Gear,1128299,1/16/2020,West,Nevada,Las Vegas,Women's Street Footwear,$43.00 ,128.0,5504.0,"$2,587 ",47%,Outlet,Marney O'Breen,1,Mix,Youth
Foot Locker,1185732,5/13/2021,Midwest,South Dakota,Sioux Falls,Women's Street Footwear,$43.00 ,46.0,1978.0,$831 ,42%,Online,Camilla Castle,11,Urban,Moderation
Foot Locker,1185732,7/31/2021,Midwest,Illinois,Chicago,Men's Athletic Footwear,$46.00 ,65.0,2990.0,"$1,405 ",47%,Online,Kaine Padly,9,Accessory,Productivity
Foot Locker,1185732,8/6/2021,Southeast,South Carolina,Charleston,Men's Street Footwear,$65.00 ,1125.0,731250.0,"$329,063 ",45%,Online,Wilone O'Kielt,12,Urban,Accessory
Walmart,1197831,10/28/2020,South,Texas,Houston,Women's Street Footwear,$38.00 ,298.0,11324.0,"$4,303 ",38%,Outlet,Gunar Cockshoot,9,Rural,Productivity
Foot Locker,1185732,6/15/2021,Northeast,Delaware,Wilmington,Men's Street Footwear,$51.00 ,189.0,9639.0,"$4,434 ",46%,Online,Dennison Crosswaite,20,Mix,Select
West Gear,1185732,6/3/2021,Midwest,Wisconsin,Milwaukee,Women's Athletic Footwear,$24.00 ,47.0,1128.0,$462 ,41%,Online,Gunar Cockshoot,15,Youth,Select
Sports Direct,1197831,10/13/2021,South,Texas,Dallas,Women's Athletic Footwear,$50.00 ,160.0,8000.0,"$4,160 ",52%,Outlet,Gunar Cockshoot,18,Accessory,Convenience
Walmart,1197831,10/28/2020,South,Texas,Houston,Women's Street Footwear,$47.00 ,255.0,11985.0,"$5,873 ",49%,Online,Jan Morforth,13,Rural,Regular
Kohl's,1189833,2/10/2021,Midwest,Montana,Billings,Women's Street Footwear,$49.00 ,130.0,6370.0,"$3,758 ",59%,Online,Karlen McCaffrey,19,Urban,Extreme
West Gear,1128299,1/26/2020,West,Nevada,Las Vegas,Men's Street Footwear,$58.00 ,149.0,8642.0,"$5,012 ",58%,Online,Ches Bonnell,15,Youth,Extreme
Foot Locker,1128299,12/16/2021,South,Louisiana,New Orleans,Women's Athletic Footwear,$75.00 ,600.0,450000.0,"$180,000 ",40%,Online,Jan Morforth,14,Rural,Youth
Foot Locker,1185732,8/8/2021,Midwest,Illinois,Chicago,Women's Athletic Footwear,$50.00 ,200.0,100000.0,"$40,000 ",40%,Outlet,Mallorie Waber,21,Urban,Extreme
Amazon,1185732,4/22/2021,Southeast,Kentucky,Louisville,Men's Athletic Footwear,$41.00 ,49.0,2009.0,$964 ,48%,Online,Ches Bonnell,12,Accessory,Convenience
Amazon,1185732,8/11/2021,Northeast,Vermont,Burlington,Women's Athletic Footwear,$50.00 ,250.0,125000.0,"$43,750 ",35%,In-store,Gunar Cockshoot,6,Urban,All Season
West Gear,1197831,6/4/2021,West,Idaho,Boise,Women's Apparel,$55.00 ,231.0,12705.0,"$7,750 ",61%,Online,Kelci Walkden,19,Urban,Accessory
Amazon,1185732,9/10/2021,Northeast,Vermont,Burlington,Men's Athletic Footwear,$42.00 ,111.0,4662.0,"$2,378 ",51%,Outlet,Barr Faughny,12,Urban,Select
Kohl's,1189833,4/16/2021,West,California,Los Angeles,Women's Athletic Footwear,$45.00 ,550.0,247500.0,"$86,625 ",35%,Outlet,Camilla Castle,3,Urban,All Season
Sports Direct,1128299,9/14/2021,Southeast,Georgia,Atlanta,Women's Street Footwear,$45.00 ,450.0,202500.0,"$70,875 ",35%,Online,Karlen McCaffrey,16,Rural,Regular
Amazon,1185732,12/2/2021,Southeast,North Carolina,Charlotte,Women's Athletic Footwear,$55.00 ,196.0,10780.0,"$5,821 ",54%,Online,Karlen McCaffrey,3,Youth,Regular
Kohl's,1185732,8/7/2021,Northeast,New Jersey,Newark,Men's Apparel,$46.00 ,46.0,2116.0,$910 ,43%,Online,Dotty Strutley,12,Mix,Extreme
West Gear,1197831,5/19/2021,South,Oklahoma,Oklahoma City,Women's Street Footwear,$35.00 ,275.0,96250.0,"$38,500 ",40%,Online,Van Tuxwell,13,Rural,Youth
Foot Locker,1128299,6/23/2021,West,Arizona,Phoenix,Women's Street Footwear,$55.00 ,475.0,261250.0,"$91,438 ",35%,Online,Van Tuxwell,16,Youth,All Season
West Gear,1185732,12/17/2021,Midwest,Missouri,St. Louis,Women's Apparel,$50.00 ,450.0,225000.0,"$112,500 ",50%,In-store,Jehu Rudeforth,4,Accessory,All Season
Walmart,1128299,4/17/2021,Southeast,Florida,Orlando,Men's Athletic Footwear,$66.00 ,98.0,6468.0,"$2,264 ",35%,Online,Karlen McCaffrey,9,Youth,Convenience
Foot Locker,1185732,3/16/2021,South,Mississippi,Jackson,Men's Apparel,$25.00 ,104.0,2600.0,$962 ,37%,Outlet,Curtice Advani,13,Urban,Moderation
Foot Locker,1185732,4/17/2021,South,Mississippi,Jackson,Men's Athletic Footwear,$20.00 ,116.0,2320.0,$928 ,40%,Outlet,Jehu Rudeforth,5,Urban,Regular
Walmart,1197831,8/12/2020,South,Texas,Houston,Men's Street Footwear,$30.00 ,925.0,277500.0,"$97,125 ",35%,Outlet,Karlen McCaffrey,20,Accessory,Convenience
Sports Direct,1185732,1/19/2021,Southeast,Virginia,Richmond,Women's Athletic Footwear,$30.00 ,400.0,120000.0,"$42,000 ",35%,In-store,Husein Augar,16,Rural,All Season
Amazon,1185732,5/9/2021,Midwest,Ohio,Columbus,Men's Street Footwear,$42.00 ,207.0,8694.0,"$4,347 ",50%,Online,Roddy Speechley,6,Youth,Convenience
Walmart,1197831,5/19/2021,South,Arkansas,Little Rock,Men's Street Footwear,$39.00 ,181.0,7059.0,"$3,812 ",54%,Online,Jan Morforth,21,Youth,Regular
Kohl's,1189833,5/30/2021,West,California,Los Angeles,Women's Apparel,$44.00 ,232.0,10208.0,"$2,552 ",25%,Outlet,Dennison Crosswaite,14,Mix,Convenience
Foot Locker,1185732,6/8/2021,Northeast,Rhode Island,Providence,Men's Athletic Footwear,$41.00 ,90.0,3690.0,"$1,808 ",49%,Online,Gunar Cockshoot,6,Mix,All Season
Sports Direct,1128299,4/13/2021,Southeast,Georgia,Atlanta,Men's Apparel,$38.00 ,56.0,2128.0,$894 ,42%,Outlet,Jan Morforth,7,Urban,Regular
Sports Direct,1197831,9/17/2021,South,Alabama,Birmingham,Women's Apparel,$60.00 ,675.0,405000.0,"$263,250 ",65%,Outlet,Kaine Padly,12,Mix,Moderation
Amazon,1185732,5/10/2021,Northeast,Vermont,Burlington,Women's Apparel,$47.00 ,120.0,5640.0,"$2,594 ",46%,Outlet,Karlen McCaffrey,9,Urban,Convenience
Foot Locker,1128299,9/24/2021,West,Arizona,Phoenix,Women's Street Footwear,$45.00 ,425.0,191250.0,"$66,938 ",35%,Online,Karlen McCaffrey,10,Mix,Extreme
Amazon,1185732,8/11/2021,Northeast,Vermont,Burlington,Men's Apparel,$57.00 ,65.0,3705.0,"$1,815 ",49%,Online,Wilone O'Kielt,22,Mix,Productivity
West Gear,1197831,1/23/2021,South,Arkansas,Little Rock,Women's Athletic Footwear,$18.00 ,65.0,1170.0,$644 ,55%,Online,Marney O'Breen,10,Mix,Extreme
Foot Locker,1185732,7/15/2021,Midwest,Nebraska,Omaha,Men's Athletic Footwear,$29.00 ,41.0,1189.0,$547 ,46%,Online,Brien Boise,7,Urban,Select
Foot Locker,1128299,6/10/2021,West,Hawaii,Honolulu,Women's Apparel,$97.00 ,169.0,16393.0,"$8,524 ",52%,Online,Husein Augar,17,Accessory,Convenience
Kohl's,1128299,7/25/2021,West,New Mexico,Albuquerque,Men's Athletic Footwear,$56.00 ,180.0,10080.0,"$5,443 ",54%,Online,Dotty Strutley,10,Mix,Extreme
Walmart,1197831,4/20/2021,South,Arkansas,Little Rock,Women's Apparel,$30.00 ,400.0,120000.0,"$48,000 ",40%,Online,Curtice Advani,19,Mix,Accessory
Foot Locker,1128299,1/23/2021,West,Idaho,Boise,Men's Apparel,$45.00 ,225.0,101250.0,"$30,375 ",30%,Online,Ches Bonnell,15,Mix,Convenience
West Gear,1197831,11/20/2021,South,Arkansas,Little Rock,Men's Street Footwear,$18.00 ,176.0,3168.0,"$1,457 ",46%,Outlet,Jehu Rudeforth,5,Rural,Regular
Sports Direct,1128299,5/14/2021,Southeast,Georgia,Atlanta,Men's Apparel,$55.00 ,225.0,123750.0,"$43,313 ",35%,Online,Gigi Bohling,10,Accessory,Moderation
West Gear,1185732,12/2/2021,Midwest,Wisconsin,Milwaukee,Women's Athletic Footwear,$48.00 ,73.0,3504.0,"$1,577 ",45%,Online,Dennison Crosswaite,3,Rural,Accessory
Foot Locker,1185732,3/5/2021,Midwest,Iowa,Des Moines,Men's Athletic Footwear,$19.00 ,47.0,893.0,$402 ,45%,Online,Kaine Padly,9,Urban,All Season
Foot Locker,1185732,5/13/2021,Midwest,South Dakota,Sioux Falls,Women's Athletic Footwear,$43.00 ,26.0,1118.0,$503 ,45%,Online,Husein Augar,4,Mix,Youth
Sports Direct,1185732,9/10/2021,Midwest,North Dakota,Fargo,Men's Apparel,$40.00 ,150.0,60000.0,"$21,000 ",35%,In-store,Rafaelita Blaksland,9,Rural,Youth
Walmart,1185732,4/17/2020,Northeast,New York,New York,Men's Apparel,$43.00 ,279.0,11997.0,"$3,959 ",33%,Outlet,Camilla Castle,3,Accessory,Productivity
Sports Direct,1128299,5/14/2021,Southeast,Georgia,Atlanta,Men's Street Footwear,$37.00 ,187.0,6919.0,"$3,183 ",46%,Outlet,Ches Bonnell,2,Rural,Extreme
Walmart,1128299,9/11/2021,West,Hawaii,Honolulu,Women's Street Footwear,$64.00 ,105.0,6720.0,"$2,621 ",39%,Online,Ches Bonnell,15,Accessory,Youth
West Gear,1197831,4/20/2021,South,Oklahoma,Oklahoma City,Men's Street Footwear,$20.00 ,184.0,3680.0,"$1,693 ",46%,Outlet,Gigi Bohling,14,Accessory,Extreme
Foot Locker,1128299,5/25/2021,Southeast,Virginia,Richmond,Men's Athletic Footwear,$51.00 ,98.0,4998.0,"$2,249 ",45%,Online,Andria Kimpton,17,Accessory,Productivity
West Gear,1185732,3/8/2021,Northeast,New York,Albany,Women's Street Footwear,$33.00 ,161.0,5313.0,"$1,913 ",36%,Online,Ches Bonnell,22,Mix,Convenience
Sports Direct,1185732,10/12/2021,Midwest,South Dakota,Sioux Falls,Women's Apparel,$60.00 ,250.0,150000.0,"$60,000 ",40%,Online,Brien Boise,16,Urban,Accessory
West Gear,1185732,9/4/2021,Midwest,Wisconsin,Milwaukee,Men's Athletic Footwear,$29.00 ,65.0,1885.0,$848 ,45%,Online,Roddy Speechley,19,Youth,Regular
West Gear,1185732,9/18/2021,Northeast,West Virginia,Charleston,Women's Apparel,$36.00 ,75.0,2700.0,"$1,377 ",51%,Online,Husein Augar,4,Rural,Extreme
Kohl's,1189833,4/20/2021,West,California,Los Angeles,Men's Athletic Footwear,$35.00 ,225.0,7875.0,"$2,363 ",30%,Outlet,Barr Faughny,7,Rural,Convenience
Sports Direct,1197831,4/10/2021,South,Tennessee,Knoxville,Men's Athletic Footwear,$32.00 ,240.0,7680.0,"$3,610 ",47%,Outlet,Gigi Bohling,20,Mix,Convenience
Foot Locker,1185732,1/23/2020,Northeast,New York,New York,Men's Apparel,$60.00 ,900.0,540000.0,"$162,000 ",30%,Outlet,Oby Sorrel,6,Urban,Extreme
Foot Locker,1185732,4/6/2021,Southeast,South Carolina,Charleston,Women's Street Footwear,$24.00 ,182.0,4368.0,"$1,660 ",38%,Online,Beverie Moffet,10,Mix,Accessory
Foot Locker,1128299,1/24/2021,West,Wyoming,Cheyenne,Men's Apparel,$42.00 ,45.0,1890.0,$964 ,51%,Online,Brien Boise,12,Urban,Regular
Sports Direct,1197831,9/16/2021,South,Texas,Dallas,Men's Street Footwear,$41.00 ,231.0,9471.0,"$4,925 ",52%,Online,Van Tuxwell,13,Urban,Extreme
Sports Direct,1185732,9/20/2021,Northeast,Maryland,Baltimore,Men's Apparel,$50.00 ,100.0,50000.0,"$15,000 ",30%,In-store,Dotty Strutley,14,Urban,Extreme
Foot Locker,1185732,12/8/2021,Midwest,North Dakota,Fargo,Women's Street Footwear,$48.00 ,73.0,3504.0,"$1,577 ",45%,Online,Karlen McCaffrey,1,Accessory,Select
Foot Locker,1185732,3/6/2021,Northeast,Rhode Island,Providence,Women's Street Footwear,$23.00 ,51.0,1173.0,$610 ,52%,Online,Kaine Padly,12,Youth,Regular
Kohl's,1189833,2/12/2021,Midwest,Montana,Billings,Men's Apparel,$55.00 ,425.0,233750.0,"$140,250 ",60%,Outlet,Kaine Padly,2,Youth,Regular
West Gear,1197831,8/20/2021,South,Oklahoma,Oklahoma City,Men's Apparel,$47.00 ,81.0,3807.0,"$1,713 ",45%,Online,Rafaelita Blaksland,9,Accessory,All Season
Kohl's,1185732,3/10/2021,West,Wyoming,Cheyenne,Women's Street Footwear,$27.00 ,149.0,4023.0,"$1,810 ",45%,Online,Gigi Bohling,1,Rural,All Season
Sports Direct,1185732,12/16/2021,South,Mississippi,Jackson,Women's Street Footwear,$59.00 ,137.0,8083.0,"$4,365 ",54%,Online,Roddy Speechley,2,Mix,All Season
Foot Locker,1185732,12/13/2021,Northeast,Pennsylvania,Philadelphia,Men's Apparel,$50.00 ,36.0,1800.0,$810 ,45%,Online,Gigi Bohling,3,Accessory,Moderation
Sports Direct,1197831,9/12/2021,South,Texas,Dallas,Women's Street Footwear,$30.00 ,215.0,6450.0,"$2,516 ",39%,Outlet,Gigi Bohling,6,Youth,All Season
Foot Locker,1185732,10/8/2021,Northeast,Rhode Island,Providence,Men's Apparel,$40.00 ,23.0,920.0,$304 ,33%,Outlet,Brien Boise,17,Youth,Accessory
Foot Locker,1185732,8/8/2021,Midwest,Illinois,Chicago,Women's Athletic Footwear,$49.00 ,54.0,2646.0,"$1,402 ",53%,Online,Ches Bonnell,3,Mix,Accessory
Foot Locker,1185732,4/14/2021,Northeast,Delaware,Wilmington,Men's Street Footwear,$40.00 ,525.0,210000.0,"$73,500 ",35%,In-store,Dotty Strutley,18,Youth,All Season
Foot Locker,1185732,11/18/2021,Midwest,Missouri,St. Louis,Men's Athletic Footwear,$25.00 ,350.0,87500.0,"$30,625 ",35%,In-store,Ches Bonnell,5,Accessory,Productivity
Foot Locker,1185732,10/12/2021,Midwest,South Dakota,Sioux Falls,Men's Athletic Footwear,$45.00 ,250.0,112500.0,"$33,750 ",30%,Online,Gunar Cockshoot,8,Accessory,Select
Kohl's,1128299,6/26/2021,West,New Mexico,Albuquerque,Women's Street Footwear,$54.00 ,149.0,8046.0,"$4,023 ",50%,Online,Gigi Bohling,17,Rural,Moderation
Foot Locker,1185732,1/4/2020,Northeast,New York,New York,Women's Athletic Footwear,$41.00 ,247.0,10127.0,"$4,658 ",46%,Online,Wilone O'Kielt,2,Youth,Youth
Foot Locker,1185732,5/31/2021,Midwest,Nebraska,Omaha,Men's Apparel,$41.00 ,31.0,1271.0,$623 ,49%,Online,Gunar Cockshoot,7,Youth,Productivity
Foot Locker,1185732,1/10/2021,Northeast,Connecticut,Hartford,Women's Athletic Footwear,$29.00 ,20.0,580.0,$307 ,53%,Online,Beverie Moffet,7,Mix,All Season
Walmart,1128299,5/18/2021,Southeast,Florida,Orlando,Women's Athletic Footwear,$39.00 ,107.0,4173.0,"$1,419 ",34%,Outlet,Beverie Moffet,19,Urban,Moderation
West Gear,1185732,9/11/2021,Midwest,Indiana,Indianapolis,Women's Apparel,$36.00 ,68.0,2448.0,"$1,273 ",52%,Online,Roddy Speechley,22,Youth,Convenience
Sports Direct,1185732,8/16/2021,Midwest,Michigan,Detroit,Women's Athletic Footwear,$34.00 ,142.0,4828.0,"$2,173 ",45%,Online,Oby Sorrel,9,Urban,Youth
Sports Direct,1185732,11/3/2021,Southeast,North Carolina,Charlotte,Men's Apparel,$72.00 ,163.0,11736.0,"$5,751 ",49%,Online,Gunar Cockshoot,11,Accessory,All Season
Amazon,1185732,7/21/2021,Southeast,Kentucky,Louisville,Men's Athletic Footwear,$44.00 ,95.0,4180.0,"$2,048 ",49%,Online,Beverie Moffet,8,Accessory,Moderation
Walmart,1197831,8/21/2020,South,Texas,Houston,Women's Athletic Footwear,$38.00 ,203.0,7714.0,"$4,397 ",57%,Online,Wilone O'Kielt,1,Mix,Moderation
Amazon,1185732,11/12/2021,Northeast,Maine,Portland,Men's Athletic Footwear,$48.00 ,77.0,3696.0,"$1,811 ",49%,Online,Van Tuxwell,14,Urban,Regular
Foot Locker,1185732,3/11/2021,Midwest,South Dakota,Sioux Falls,Men's Street Footwear,$39.00 ,124.0,4836.0,"$2,370 ",49%,Online,Dotty Strutley,5,Rural,Extreme
West Gear,1185732,8/3/2021,Midwest,Wisconsin,Milwaukee,Men's Athletic Footwear,$45.00 ,300.0,135000.0,"$47,250 ",35%,In-store,Curtice Advani,11,Urban,All Season
Kohl's,1189833,3/17/2021,West,California,Los Angeles,Men's Apparel,$40.00 ,140.0,5600.0,"$3,192 ",57%,Outlet,Kaine Padly,19,Youth,Accessory
West Gear,1128299,3/9/2020,West,Nevada,Las Vegas,Men's Street Footwear,$47.00 ,216.0,10152.0,"$3,756 ",37%,Outlet,Karlen McCaffrey,17,Accessory,Convenience
Sports Direct,1197831,9/5/2021,West,Idaho,Boise,Men's Athletic Footwear,$50.00 ,188.0,9400.0,"$4,888 ",52%,Online,Curtice Advani,21,Rural,Regular
Sports Direct,1197831,4/7/2021,South,Tennessee,Knoxville,Men's Apparel,$41.00 ,106.0,4346.0,"$2,130 ",49%,Online,Wilone O'Kielt,10,Urban,Select
West Gear,1128299,5/10/2020,West,Colorado,Denver,Women's Street Footwear,$51.00 ,102.0,5202.0,"$2,601 ",50%,Online,Camilla Castle,19,Rural,Moderation
Kohl's,1128299,3/25/2021,West,New Mexico,Albuquerque,Women's Street Footwear,$52.00 ,112.0,5824.0,"$2,854 ",49%,Online,Wilone O'Kielt,6,Rural,Productivity
West Gear,1128299,7/23/2021,West,Oregon,Portland,Men's Street Footwear,$60.00 ,298.0,17880.0,"$7,510 ",42%,Outlet,Camilla Castle,5,Accessory,Extreme
Walmart,1197831,5/19/2021,South,Arkansas,Little Rock,Men's Street Footwear,$26.00 ,228.0,5928.0,"$2,727 ",46%,Outlet,Marney O'Breen,20,Accessory,Regular
Amazon,1185732,11/18/2021,Northeast,Maine,Portland,Women's Street Footwear,$55.00 ,195.0,107250.0,"$42,900 ",40%,Outlet,Mallorie Waber,12,Urban,Convenience
Foot Locker,1185732,6/6/2021,Midwest,Iowa,Des Moines,Men's Street Footwear,$35.00 ,525.0,183750.0,"$55,125 ",30%,In-store,Oby Sorrel,1,Mix,Convenience
West Gear,1185732,4/24/2020,Southeast,Florida,Miami,Men's Athletic Footwear,$55.00 ,825.0,453750.0,"$158,813 ",35%,In-store,Karlen McCaffrey,18,Mix,Moderation
Walmart,1197831,8/24/2020,South,Texas,Houston,Men's Street Footwear,$29.00 ,295.0,8555.0,"$3,422 ",40%,Outlet,Camilla Castle,18,Accessory,Accessory
Amazon,1185732,6/12/2021,Northeast,Vermont,Burlington,Men's Street Footwear,$47.00 ,195.0,9165.0,"$4,491 ",49%,Outlet,Brien Boise,21,Youth,Regular
West Gear,1128299,6/4/2020,West,Washington,Seattle,Women's Athletic Footwear,$48.00 ,87.0,4176.0,"$1,754 ",42%,Online,Jehu Rudeforth,13,Accessory,Regular
Foot Locker,1185732,11/23/2021,Northeast,Pennsylvania,Philadelphia,Women's Street Footwear,$52.00 ,44.0,2288.0,"$1,144 ",50%,Online,Andria Kimpton,6,Youth,All Season
West Gear,1128299,4/17/2021,South,Louisiana,New Orleans,Women's Street Footwear,$52.00 ,105.0,5460.0,"$2,785 ",51%,Online,Curtice Advani,6,Accessory,Regular
Amazon,1185732,6/11/2021,Midwest,Ohio,Columbus,Men's Athletic Footwear,$45.00 ,550.0,247500.0,"$86,625 ",35%,Online,Mallorie Waber,12,Accessory,Regular
Foot Locker,1185732,6/4/2021,Midwest,Illinois,Chicago,Men's Apparel,$53.00 ,47.0,2491.0,"$1,221 ",49%,Online,Ches Bonnell,15,Rural,Extreme
Foot Locker,1185732,3/17/2021,Midwest,Missouri,St. Louis,Men's Athletic Footwear,$35.00 ,300.0,105000.0,"$36,750 ",35%,In-store,Wilone O'Kielt,21,Mix,Moderation
Walmart,1197831,10/27/2020,South,Texas,Houston,Men's Athletic Footwear,$45.00 ,950.0,427500.0,"$149,625 ",35%,Outlet,Camilla Castle,19,Youth,Moderation
Sports Direct,1185732,3/3/2021,Northeast,Connecticut,Hartford,Women's Street Footwear,$30.00 ,250.0,75000.0,"$22,500 ",30%,In-store,Brien Boise,22,Mix,Youth
Sports Direct,1197831,4/4/2021,South,Tennessee,Knoxville,Men's Athletic Footwear,$23.00 ,218.0,5014.0,"$2,507 ",50%,Online,Kelci Walkden,14,Youth,Productivity
Walmart,1197831,8/20/2021,South,Arkansas,Little Rock,Men's Athletic Footwear,$55.00 ,525.0,288750.0,"$101,063 ",35%,Online,Karlen McCaffrey,15,Youth,Regular
West Gear,1185732,9/12/2021,West,Utah,Salt Lake City,Men's Athletic Footwear,$23.00 ,122.0,2806.0,"$1,263 ",45%,Online,Beverie Moffet,19,Urban,Convenience
Foot Locker,1185732,10/18/2021,Midwest,Missouri,St. Louis,Women's Street Footwear,$25.00 ,250.0,62500.0,"$21,875 ",35%,In-store,Rafaelita Blaksland,17,Rural,Moderation
Sports Direct,1197831,9/27/2021,South,Alabama,Birmingham,Women's Athletic Footwear,$26.00 ,98.0,2548.0,"$1,707 ",67%,Outlet,Wilone O'Kielt,13,Urban,Accessory
West Gear,1185732,5/12/2021,West,Utah,Salt Lake City,Men's Athletic Footwear,$22.00 ,128.0,2816.0,"$1,183 ",42%,Outlet,Andria Kimpton,9,Accessory,Accessory
Sports Direct,1185732,9/13/2021,Northeast,Massachusetts,Boston,Women's Athletic Footwear,$42.00 ,36.0,1512.0,$605 ,40%,Online,Ches Bonnell,17,Youth,Convenience
West Gear,1185732,3/8/2021,Northeast,New York,Albany,Women's Athletic Footwear,$40.00 ,425.0,170000.0,"$51,000 ",30%,In-store,Gigi Bohling,19,Youth,Select
Amazon,1185732,8/22/2021,Southeast,Kentucky,Louisville,Men's Athletic Footwear,$45.00 ,350.0,157500.0,"$55,125 ",35%,Online,Wilone O'Kielt,2,Mix,Convenience
Foot Locker,1185732,10/8/2021,Northeast,Rhode Island,Providence,Men's Athletic Footwear,$46.00 ,56.0,2576.0,"$1,262 ",49%,Online,Gunar Cockshoot,16,Mix,Productivity
Sports Direct,1185732,4/4/2021,Northeast,Connecticut,Hartford,Men's Apparel,$50.00 ,125.0,62500.0,"$18,750 ",30%,In-store,Andria Kimpton,10,Accessory,Accessory
Kohl's,1128299,1/26/2021,West,Arizona,Phoenix,Men's Athletic Footwear,$45.00 ,475.0,213750.0,"$85,500 ",40%,Online,Rafaelita Blaksland,19,Rural,Select
Foot Locker,1128299,4/10/2021,West,Hawaii,Honolulu,Women's Apparel,$70.00 ,325.0,227500.0,"$91,000 ",40%,Outlet,Beverie Moffet,7,Youth,Moderation
Sports Direct,1185732,1/19/2021,Southeast,Virginia,Richmond,Women's Athletic Footwear,$29.00 ,116.0,3364.0,"$1,682 ",50%,Online,Oby Sorrel,11,Accessory,Regular
West Gear,1128299,10/24/2021,West,Oregon,Portland,Men's Athletic Footwear,$37.00 ,179.0,6623.0,"$2,517 ",38%,Outlet,Dotty Strutley,17,Rural,Convenience
Foot Locker,1185732,9/22/2020,Southeast,Florida,Miami,Women's Apparel,$60.00 ,925.0,555000.0,"$277,500 ",50%,In-store,Rafaelita Blaksland,21,Urban,Moderation
West Gear,1185732,4/9/2021,Northeast,New York,Albany,Men's Apparel,$55.00 ,475.0,261250.0,"$91,438 ",35%,In-store,Kaine Padly,15,Accessory,Moderation
Foot Locker,1185732,12/27/2020,Midwest,Minnesota,Minneapolis,Women's Apparel,$54.00 ,77.0,4158.0,"$2,370 ",57%,Online,Curtice Advani,8,Youth,Productivity
Amazon,1185732,11/10/2021,Midwest,Ohio,Columbus,Women's Athletic Footwear,$59.00 ,135.0,7965.0,"$3,983 ",50%,Online,Ches Bonnell,11,Mix,Moderation
Foot Locker,1185732,2/7/2021,Southeast,South Carolina,Charleston,Women's Athletic Footwear,$35.00 ,625.0,218750.0,"$65,625 ",30%,Online,Jan Morforth,9,Youth,Regular
Foot Locker,1128299,12/22/2021,West,Arizona,Phoenix,Men's Street Footwear,$45.00 ,625.0,281250.0,"$98,438 ",35%,Online,Curtice Advani,17,Mix,Productivity
Amazon,1185732,4/18/2021,Northeast,New Hampshire,Manchester,Men's Apparel,$40.00 ,61.0,2440.0,$805 ,33%,Outlet,Husein Augar,17,Accessory,Extreme
West Gear,1185732,6/10/2021,Northeast,New York,Albany,Men's Street Footwear,$59.00 ,263.0,15517.0,"$8,690 ",56%,Online,Camilla Castle,8,Youth,Convenience
West Gear,1197831,1/23/2021,South,Arkansas,Little Rock,Women's Street Footwear,$15.00 ,375.0,56250.0,"$22,500 ",40%,Online,Oby Sorrel,22,Mix,Youth
Sports Direct,1197831,8/1/2021,Midwest,Nebraska,Omaha,Men's Street Footwear,$20.00 ,675.0,135000.0,"$54,000 ",40%,Outlet,Kelci Walkden,17,Accessory,Accessory
Sports Direct,1185732,1/17/2021,Northeast,Rhode Island,Providence,Women's Apparel,$26.00 ,83.0,2158.0,$734 ,34%,Outlet,Andria Kimpton,8,Mix,Accessory
West Gear,1197831,11/20/2021,South,Arkansas,Little Rock,Women's Athletic Footwear,$41.00 ,128.0,5248.0,"$2,309 ",44%,Outlet,Wilone O'Kielt,12,Youth,Moderation
West Gear,1128299,5/13/2020,West,Colorado,Denver,Women's Apparel,$65.00 ,105.0,6825.0,"$2,048 ",30%,Online,Wilone O'Kielt,16,Rural,Extreme
Amazon,1185732,12/30/2021,Northeast,Maine,Portland,Women's Athletic Footwear,$45.00 ,125.0,56250.0,"$16,875 ",30%,Outlet,Andria Kimpton,11,Urban,Youth
Foot Locker,1128299,1/23/2021,West,Idaho,Boise,Women's Street Footwear,$37.00 ,106.0,3922.0,"$1,922 ",49%,Online,Gunar Cockshoot,3,Accessory,Convenience
Kohl's,1189833,4/17/2021,West,California,Los Angeles,Men's Apparel,$45.00 ,131.0,5895.0,"$3,832 ",65%,Online,Wilone O'Kielt,12,Urban,Select
West Gear,1128299,3/11/2020,West,Nevada,Las Vegas,Women's Street Footwear,$60.00 ,475.0,285000.0,"$99,750 ",35%,In-store,Marney O'Breen,17,Accessory,Convenience
West Gear,1128299,1/9/2020,West,Nevada,Las Vegas,Men's Athletic Footwear,$35.00 ,145.0,5075.0,"$1,573 ",31%,Outlet,Kelci Walkden,7,Rural,Convenience
Walmart,1197831,9/5/2020,South,Texas,Houston,Men's Street Footwear,$44.00 ,255.0,11220.0,"$5,386 ",48%,Online,Dennison Crosswaite,17,Youth,Youth
Foot Locker,1185732,11/6/2021,Northeast,Pennsylvania,Philadelphia,Women's Athletic Footwear,$32.00 ,8.0,256.0,$113 ,44%,Outlet,Wilone O'Kielt,5,Youth,Regular
West Gear,1128299,7/29/2020,West,Washington,Seattle,Men's Apparel,$90.00 ,425.0,382500.0,"$95,625 ",25%,In-store,Wilone O'Kielt,19,Youth,Accessory
Kohl's,1189833,4/29/2021,West,California,Los Angeles,Men's Apparel,$38.00 ,224.0,8512.0,"$5,107 ",60%,Outlet,Marney O'Breen,11,Urban,Youth
West Gear,1128299,3/29/2020,West,Colorado,Denver,Women's Street Footwear,$51.00 ,116.0,5916.0,"$2,899 ",49%,Online,Camilla Castle,11,Mix,Productivity
West Gear,1128299,1/11/2020,West,Nevada,Las Vegas,Women's Athletic Footwear,$45.00 ,275.0,123750.0,"$43,313 ",35%,Outlet,Brien Boise,2,Accessory,Moderation
Amazon,1185732,10/12/2021,Northeast,Vermont,Burlington,Men's Athletic Footwear,$44.00 ,99.0,4356.0,"$2,134 ",49%,Outlet,Rafaelita Blaksland,2,Mix,Regular
West Gear,1185732,2/10/2021,Southeast,Florida,Orlando,Men's Athletic Footwear,$31.00 ,165.0,5115.0,"$2,097 ",41%,Outlet,Rafaelita Blaksland,4,Mix,Convenience
West Gear,1128299,6/17/2021,South,Louisiana,New Orleans,Men's Apparel,$92.00 ,117.0,10764.0,"$6,135 ",57%,Online,Barr Faughny,18,Mix,Moderation
Amazon,1185732,12/13/2021,Northeast,Massachusetts,Boston,Men's Apparel,$65.00 ,300.0,195000.0,"$48,750 ",25%,In-store,Brien Boise,21,Mix,Extreme
Sports Direct,1185732,4/16/2021,Midwest,Michigan,Detroit,Men's Athletic Footwear,$38.00 ,111.0,4218.0,"$2,236 ",53%,Online,Kelci Walkden,9,Urban,Regular
Sports Direct,1185732,8/9/2021,Midwest,North Dakota,Fargo,Women's Street Footwear,$37.00 ,63.0,2331.0,$956 ,41%,Online,Jan Morforth,7,Accessory,All Season
Foot Locker,1185732,1/24/2021,Northeast,West Virginia,Charleston,Men's Apparel,$45.00 ,125.0,56250.0,"$16,875 ",30%,In-store,Kelci Walkden,4,Accessory,Select
Kohl's,1185732,3/6/2021,Northeast,New Jersey,Newark,Men's Apparel,$45.00 ,125.0,56250.0,"$16,875 ",30%,In-store,Van Tuxwell,19,Youth,Convenience
West Gear,1128299,8/1/2020,West,Washington,Seattle,Men's Athletic Footwear,$85.00 ,750.0,637500.0,"$159,375 ",25%,In-store,Mallorie Waber,13,Mix,Moderation
Foot Locker,1128299,4/23/2021,West,Arizona,Phoenix,Women's Street Footwear,$50.00 ,102.0,5100.0,"$2,550 ",50%,Online,Kelci Walkden,18,Rural,Accessory
Amazon,1185732,5/20/2021,West,Alaska,Anchorage,Men's Apparel,$62.00 ,69.0,4278.0,"$1,626 ",38%,Online,Rafaelita Blaksland,2,Mix,Convenience
Kohl's,1197831,5/12/2021,Midwest,Kansas,Wichita,Women's Athletic Footwear,$35.00 ,200.0,70000.0,"$24,500 ",35%,Online,Kelci Walkden,21,Youth,Convenience
Foot Locker,1185732,2/22/2021,Northeast,New Hampshire,Manchester,Women's Street Footwear,$45.00 ,275.0,123750.0,"$30,938 ",25%,Outlet,Roddy Speechley,14,Rural,Convenience
West Gear,1128299,8/2/2020,West,Washington,Seattle,Women's Street Footwear,$80.00 ,550.0,440000.0,"$110,000 ",25%,In-store,Jehu Rudeforth,20,Youth,Regular
Sports Direct,1185732,6/15/2021,Northeast,Massachusetts,Boston,Men's Athletic Footwear,$47.00 ,94.0,4418.0,"$1,856 ",42%,Online,Camilla Castle,1,Urban,Accessory
Sports Direct,1185732,3/13/2021,Northeast,Massachusetts,Boston,Men's Apparel,$36.00 ,31.0,1116.0,$335 ,30%,Outlet,Van Tuxwell,22,Rural,Convenience
Amazon,1185732,6/22/2021,West,Alaska,Anchorage,Men's Athletic Footwear,$55.00 ,112.0,6160.0,"$3,080 ",50%,Online,Van Tuxwell,10,Rural,Convenience
Amazon,1185732,7/9/2021,Midwest,Ohio,Columbus,Women's Athletic Footwear,$55.00 ,525.0,288750.0,"$115,500 ",40%,Online,Barr Faughny,6,Rural,Moderation
Sports Direct,1185732,6/15/2021,Northeast,Massachusetts,Boston,Women's Athletic Footwear,$34.00 ,72.0,2448.0,$685 ,28%,Outlet,Dennison Crosswaite,8,Accessory,Regular
West Gear,1128299,12/16/2021,Southeast,Florida,Orlando,Men's Apparel,$64.00 ,179.0,11456.0,"$2,979 ",26%,Outlet,Husein Augar,13,Urban,Regular
Foot Locker,1185732,10/6/2021,Midwest,Iowa,Des Moines,Women's Street Footwear,$34.00 ,39.0,1326.0,$544 ,41%,Online,Dennison Crosswaite,12,Youth,Convenience
Sports Direct,1185732,12/11/2021,Midwest,South Dakota,Sioux Falls,Men's Athletic Footwear,$45.00 ,75.0,3375.0,"$1,451 ",43%,Online,Jan Morforth,9,Rural,Select
Kohl's,1189833,2/17/2021,West,California,San Francisco,Men's Street Footwear,$35.00 ,700.0,245000.0,"$98,000 ",40%,Outlet,Wilone O'Kielt,18,Rural,Convenience
West Gear,1185732,12/2/2021,Midwest,Wisconsin,Milwaukee,Men's Athletic Footwear,$49.00 ,102.0,4998.0,"$2,349 ",47%,Online,Madelene Upcott,22,Accessory,Productivity
Foot Locker,1185732,5/27/2021,Midwest,Nebraska,Omaha,Men's Street Footwear,$35.00 ,475.0,166250.0,"$66,500 ",40%,Outlet,Dotty Strutley,3,Urban,All Season
Foot Locker,1185732,7/9/2021,Midwest,Illinois,Chicago,Women's Athletic Footwear,$40.00 ,200.0,80000.0,"$32,000 ",40%,Outlet,Beverie Moffet,14,Accessory,Accessory
Foot Locker,1185732,7/20/2021,Midwest,Illinois,Chicago,Women's Street Footwear,$36.00 ,60.0,2160.0,"$1,015 ",47%,Online,Wilone O'Kielt,20,Mix,Convenience
Kohl's,1189833,5/15/2021,West,California,Los Angeles,Women's Street Footwear,$49.00 ,176.0,8624.0,"$4,398 ",51%,Online,Beverie Moffet,20,Mix,Youth
Foot Locker,1128299,9/25/2021,Southeast,Virginia,Richmond,Men's Street Footwear,$50.00 ,450.0,225000.0,"$78,750 ",35%,In-store,Kaine Padly,13,Youth,All Season
Foot Locker,1197831,1/5/2021,South,Louisiana,New Orleans,Men's Athletic Footwear,$20.00 ,209.0,4180.0,"$1,505 ",36%,Outlet,Karlen McCaffrey,10,Youth,Extreme
West Gear,1128299,1/27/2020,West,Nevada,Las Vegas,Men's Athletic Footwear,$43.00 ,120.0,5160.0,"$1,806 ",35%,Outlet,Gunar Cockshoot,6,Mix,Youth
Foot Locker,1128299,6/23/2021,West,Arizona,Phoenix,Men's Athletic Footwear,$55.00 ,475.0,261250.0,"$104,500 ",40%,Online,Jehu Rudeforth,13,Urban,Convenience
West Gear,1128299,2/15/2021,West,California,San Francisco,Men's Apparel,$43.00 ,245.0,10535.0,"$5,478 ",52%,Outlet,Dotty Strutley,7,Mix,Productivity
Sports Direct,1197831,9/6/2021,South,Texas,Dallas,Women's Street Footwear,$24.00 ,175.0,4200.0,"$1,974 ",47%,Online,Oby Sorrel,12,Urban,Accessory
Foot Locker,1185732,11/26/2021,Northeast,Pennsylvania,Philadelphia,Women's Apparel,$52.00 ,105.0,5460.0,"$1,911 ",35%,Outlet,Kelci Walkden,21,Rural,Productivity
Foot Locker,1128299,4/24/2021,Southeast,Virginia,Richmond,Women's Street Footwear,$60.00 ,325.0,195000.0,"$68,250 ",35%,In-store,Oby Sorrel,15,Youth,Extreme
Foot Locker,1128299,9/24/2021,West,Arizona,Phoenix,Men's Athletic Footwear,$34.00 ,201.0,6834.0,"$3,212 ",47%,Outlet,Kaine Padly,1,Mix,Convenience
Foot Locker,1185732,4/7/2021,Northeast,Rhode Island,Providence,Men's Apparel,$33.00 ,15.0,495.0,$158 ,32%,Outlet,Oby Sorrel,12,Rural,Convenience
West Gear,1185732,9/8/2021,Northeast,New York,Albany,Women's Athletic Footwear,$45.00 ,525.0,236250.0,"$70,875 ",30%,In-store,Rafaelita Blaksland,18,Rural,All Season
Foot Locker,1185732,11/30/2021,Northeast,Pennsylvania,Philadelphia,Women's Athletic Footwear,$51.00 ,44.0,2244.0,"$1,189 ",53%,Online,Kelci Walkden,11,Rural,Convenience
Sports Direct,1185732,10/3/2020,Southeast,Florida,Miami,Men's Apparel,$60.00 ,700.0,420000.0,"$147,000 ",35%,In-store,Camilla Castle,16,Urban,Select
Foot Locker,1185732,7/27/2021,Midwest,Nebraska,Omaha,Men's Athletic Footwear,$40.00 ,250.0,100000.0,"$35,000 ",35%,Outlet,Kelci Walkden,10,Youth,Youth
Kohl's,1189833,1/8/2021,Midwest,Montana,Billings,Women's Apparel,$45.00 ,425.0,191250.0,"$47,813 ",25%,Outlet,Wilone O'Kielt,17,Youth,Select
Sports Direct,1197831,8/6/2020,South,Texas,Houston,Men's Street Footwear,$23.00 ,306.0,7038.0,"$2,604 ",37%,Outlet,Jehu Rudeforth,16,Mix,Regular
Sports Direct,1197831,4/25/2021,South,Tennessee,Knoxville,Men's Apparel,$49.00 ,133.0,6517.0,"$3,454 ",53%,Online,Madelene Upcott,12,Mix,Productivity
Amazon,1185732,8/10/2021,Midwest,Ohio,Columbus,Men's Apparel,$55.00 ,500.0,275000.0,"$96,250 ",35%,Online,Curtice Advani,18,Mix,Youth
Kohl's,1185732,5/10/2021,West,Wyoming,Cheyenne,Men's Street Footwear,$50.00 ,820.0,410000.0,"$205,000 ",50%,In-store,Andria Kimpton,16,Urban,Select
West Gear,1128299,2/19/2020,West,Nevada,Las Vegas,Men's Street Footwear,$56.00 ,174.0,9744.0,"$4,677 ",48%,Online,Karlen McCaffrey,1,Mix,All Season
Foot Locker,1185732,12/3/2021,Northeast,Connecticut,Hartford,Men's Apparel,$60.00 ,78.0,4680.0,"$2,106 ",45%,Online,Ches Bonnell,19,Mix,Moderation
West Gear,1185732,1/17/2021,Midwest,Indiana,Indianapolis,Men's Athletic Footwear,$32.00 ,75.0,2400.0,"$1,320 ",55%,Online,Dennison Crosswaite,13,Urban,Accessory
West Gear,1185732,10/11/2021,West,Utah,Salt Lake City,Men's Apparel,$29.00 ,83.0,2407.0,"$1,204 ",50%,Online,Curtice Advani,2,Accessory,Accessory
Sports Direct,1197831,10/2/2021,South,Texas,Dallas,Men's Apparel,$55.00 ,450.0,247500.0,"$86,625 ",35%,Outlet,Gigi Bohling,16,Accessory,Extreme
West Gear,1185732,8/10/2021,Midwest,Indiana,Indianapolis,Men's Apparel,$50.00 ,175.0,87500.0,"$26,250 ",30%,In-store,Van Tuxwell,6,Rural,Select
Amazon,1185732,6/22/2021,Southeast,Kentucky,Louisville,Women's Street Footwear,$30.00 ,225.0,67500.0,"$27,000 ",40%,Online,Van Tuxwell,2,Urban,Regular
Amazon,1185732,9/9/2021,Midwest,Ohio,Columbus,Women's Apparel,$40.00 ,550.0,220000.0,"$110,000 ",50%,Online,Van Tuxwell,18,Youth,All Season
West Gear,1185732,2/10/2021,Southeast,Florida,Orlando,Women's Street Footwear,$23.00 ,204.0,4692.0,"$1,501 ",32%,Outlet,Kelci Walkden,7,Mix,Extreme
Amazon,1185732,10/11/2021,Midwest,Ohio,Columbus,Women's Apparel,$40.00 ,525.0,210000.0,"$105,000 ",50%,Online,Husein Augar,2,Youth,Productivity
West Gear,1128299,10/24/2021,West,Oregon,Portland,Men's Athletic Footwear,$55.00 ,525.0,288750.0,"$101,063 ",35%,In-store,Jehu Rudeforth,2,Urban,Extreme
Amazon,1185732,5/20/2021,West,Alaska,Anchorage,Women's Street Footwear,$55.00 ,300.0,165000.0,"$41,250 ",25%,Outlet,Gigi Bohling,3,Urban,Productivity
Amazon,1185732,11/9/2021,Northeast,Maine,Portland,Men's Apparel,$51.00 ,42.0,2142.0,$793 ,37%,Online,Brien Boise,17,Mix,Select
Foot Locker,1185732,10/7/2021,Southeast,South Carolina,Charleston,Women's Street Footwear,$41.00 ,176.0,7216.0,"$2,814 ",39%,Online,Beverie Moffet,6,Rural,Youth
Foot Locker,1128299,1/10/2021,West,Alaska,Anchorage,Women's Apparel,$42.00 ,123.0,5166.0,"$2,790 ",54%,Online,Dennison Crosswaite,9,Accessory,All Season
Foot Locker,1185732,1/1/2020,Northeast,Pennsylvania,Philadelphia,Women's Apparel,$68.00 ,83.0,5644.0,"$2,427 ",43%,Online,Curtice Advani,7,Mix,Select
West Gear,1197831,8/20/2021,South,Oklahoma,Oklahoma City,Men's Athletic Footwear,$55.00 ,450.0,247500.0,"$86,625 ",35%,Online,Ches Bonnell,17,Youth,Regular
Foot Locker,1185732,4/17/2021,South,Mississippi,Jackson,Women's Street Footwear,$15.00 ,375.0,56250.0,"$22,500 ",40%,Online,Oby Sorrel,16,Accessory,Extreme
Foot Locker,1128299,8/10/2021,West,Hawaii,Honolulu,Men's Athletic Footwear,$75.00 ,725.0,543750.0,"$108,750 ",20%,Outlet,Camilla Castle,16,Urban,Accessory
West Gear,1128299,1/19/2021,West,California,San Francisco,Men's Athletic Footwear,$66.00 ,259.0,17094.0,"$5,128 ",30%,Online,Madelene Upcott,7,Rural,Select
Sports Direct,1185732,6/9/2021,Midwest,North Dakota,Fargo,Women's Apparel,$51.00 ,91.0,4641.0,"$2,506 ",54%,Online,Oby Sorrel,18,Accessory,Extreme
Walmart,1185732,8/17/2021,South,Mississippi,Jackson,Women's Athletic Footwear,$39.00 ,128.0,4992.0,"$2,596 ",52%,Online,Dennison Crosswaite,19,Rural,Select
Walmart,1185732,4/25/2020,Northeast,New York,New York,Men's Apparel,$64.00 ,236.0,15104.0,"$6,344 ",42%,Online,Karlen McCaffrey,1,Youth,Extreme
Kohl's,1197831,4/13/2021,Midwest,Kansas,Wichita,Women's Athletic Footwear,$20.00 ,125.0,25000.0,"$8,750 ",35%,Online,Dennison Crosswaite,4,Youth,Youth
Foot Locker,1185732,11/20/2020,Midwest,Minnesota,Minneapolis,Men's Apparel,$49.00 ,45.0,2205.0,$926 ,42%,Online,Van Tuxwell,7,Accessory,Moderation
Sports Direct,1197831,10/11/2021,South,Alabama,Birmingham,Women's Apparel,$68.00 ,203.0,13804.0,"$11,043 ",80%,Online,Jan Morforth,1,Mix,All Season
Sports Direct,1128299,3/16/2021,Southeast,Florida,Orlando,Men's Apparel,$61.00 ,44.0,2684.0,$886 ,33%,Online,Marney O'Breen,5,Rural,Convenience
Walmart,1197831,9/3/2020,South,Texas,Houston,Men's Apparel,$41.00 ,169.0,6929.0,"$2,772 ",40%,Online,Dennison Crosswaite,7,Urban,Accessory
Foot Locker,1185732,4/6/2021,Southeast,South Carolina,Charleston,Women's Athletic Footwear,$27.00 ,180.0,4860.0,"$2,090 ",43%,Online,Marney O'Breen,15,Accessory,Select
Foot Locker,1128299,6/24/2021,Southeast,Virginia,Richmond,Women's Athletic Footwear,$80.00 ,525.0,420000.0,"$147,000 ",35%,In-store,Jehu Rudeforth,9,Mix,Extreme
West Gear,1185732,4/24/2020,Southeast,Florida,Miami,Women's Apparel,$65.00 ,825.0,536250.0,"$268,125 ",50%,In-store,Brien Boise,15,Accessory,Regular
West Gear,1128299,7/31/2020,West,Washington,Seattle,Men's Street Footwear,$80.00 ,750.0,600000.0,"$180,000 ",30%,In-store,Gunar Cockshoot,16,Urban,Extreme
Sports Direct,1197831,9/3/2021,South,Texas,Dallas,Women's Apparel,$30.00 ,600.0,180000.0,"$90,000 ",50%,Outlet,Gunar Cockshoot,22,Rural,All Season
Sports Direct,1197831,8/6/2021,South,Alabama,Birmingham,Women's Apparel,$24.00 ,152.0,3648.0,"$2,152 ",59%,Outlet,Beverie Moffet,7,Urban,Regular
Kohl's,1189833,2/26/2021,Midwest,Montana,Billings,Men's Street Footwear,$38.00 ,167.0,6346.0,"$3,744 ",59%,Online,Roddy Speechley,7,Accessory,Select
Sports Direct,1185732,8/14/2021,Northeast,Massachusetts,Boston,Men's Athletic Footwear,$50.00 ,350.0,175000.0,"$52,500 ",30%,In-store,Camilla Castle,22,Accessory,Extreme
Foot Locker,1185732,12/16/2021,Northeast,West Virginia,Charleston,Men's Apparel,$61.00 ,95.0,5795.0,"$2,898 ",50%,Online,Camilla Castle,10,Rural,Select
Foot Locker,1185732,5/7/2021,Midwest,Iowa,Des Moines,Men's Apparel,$43.00 ,42.0,1806.0,"$1,174 ",65%,Online,Kelci Walkden,11,Youth,Youth
Sports Direct,1185732,10/4/2021,Southeast,North Carolina,Charlotte,Women's Street Footwear,$34.00 ,150.0,5100.0,"$2,601 ",51%,Online,Husein Augar,16,Mix,Moderation
Amazon,1185732,11/11/2021,Northeast,Vermont,Burlington,Men's Apparel,$50.00 ,91.0,4550.0,"$1,775 ",39%,Outlet,Kelci Walkden,4,Urban,Productivity
Foot Locker,1185732,2/15/2021,Northeast,Delaware,Wilmington,Men's Apparel,$45.00 ,65.0,2925.0,"$1,199 ",41%,Online,Oby Sorrel,20,Urban,Convenience
Kohl's,1185732,3/10/2021,West,Wyoming,Cheyenne,Men's Athletic Footwear,$40.00 ,525.0,210000.0,"$63,000 ",30%,In-store,Mallorie Waber,14,Accessory,Select
Sports Direct,1128299,2/13/2021,Southeast,Georgia,Atlanta,Women's Athletic Footwear,$40.00 ,250.0,100000.0,"$40,000 ",40%,Online,Kelci Walkden,17,Accessory,Youth
Kohl's,1189833,3/11/2021,West,California,Los Angeles,Men's Apparel,$49.00 ,145.0,7105.0,"$4,689 ",66%,Online,Dotty Strutley,13,Mix,Youth
Foot Locker,1185732,10/7/2021,Southeast,South Carolina,Charleston,Women's Apparel,$56.00 ,225.0,12600.0,"$8,190 ",65%,Online,Jehu Rudeforth,6,Rural,Regular
Sports Direct,1185732,7/2/2021,Southeast,North Carolina,Charlotte,Men's Apparel,$65.00 ,700.0,455000.0,"$159,250 ",35%,Online,Kelci Walkden,10,Mix,Accessory
Sports Direct,1185732,2/5/2021,Northeast,New Jersey,Newark,Women's Street Footwear,$30.00 ,250.0,75000.0,"$22,500 ",30%,In-store,Mallorie Waber,8,Accessory,All Season
Foot Locker,1128299,6/23/2021,West,Arizona,Phoenix,Women's Apparel,$70.00 ,525.0,367500.0,"$91,875 ",25%,Online,Karlen McCaffrey,11,Youth,Moderation
West Gear,1128299,3/16/2021,South,Louisiana,New Orleans,Women's Street Footwear,$56.00 ,116.0,6496.0,"$3,573 ",55%,Online,Madelene Upcott,16,Accessory,Moderation
Kohl's,1197831,5/12/2021,Midwest,Kansas,Wichita,Men's Apparel,$43.00 ,56.0,2408.0,"$1,204 ",50%,Online,Rafaelita Blaksland,6,Rural,Regular
Sports Direct,1197831,10/21/2021,South,Texas,Dallas,Women's Apparel,$70.00 ,775.0,542500.0,"$298,375 ",55%,Outlet,Husein Augar,14,Mix,Youth
West Gear,1128299,6/4/2020,West,Washington,Seattle,Women's Athletic Footwear,$50.00 ,300.0,150000.0,"$45,000 ",30%,In-store,Dennison Crosswaite,1,Rural,Extreme
Amazon,1185732,5/20/2021,West,Alaska,Anchorage,Men's Apparel,$65.00 ,275.0,178750.0,"$44,688 ",25%,Outlet,Wilone O'Kielt,10,Rural,Select
Sports Direct,1185732,7/3/2021,Northeast,Connecticut,Hartford,Women's Street Footwear,$29.00 ,111.0,3219.0,"$1,094 ",34%,Outlet,Roddy Speechley,12,Youth,Accessory
Kohl's,1197831,12/19/2021,South,Oklahoma,Oklahoma City,Men's Athletic Footwear,$60.00 ,425.0,255000.0,"$89,250 ",35%,Online,Ches Bonnell,7,Urban,Regular
West Gear,1197831,6/21/2021,South,Oklahoma,Oklahoma City,Men's Apparel,$51.00 ,87.0,4437.0,"$2,085 ",47%,Online,Barr Faughny,16,Mix,Accessory
Amazon,1185732,2/22/2021,West,Alaska,Anchorage,Men's Apparel,$60.00 ,75.0,4500.0,"$1,710 ",38%,Online,Oby Sorrel,21,Youth,Regular
Amazon,1185732,2/19/2021,Northeast,New Hampshire,Manchester,Women's Athletic Footwear,$31.00 ,68.0,2108.0,$717 ,34%,Outlet,Gunar Cockshoot,19,Urban,Youth
West Gear,1128299,4/23/2020,West,Colorado,Denver,Women's Athletic Footwear,$65.00 ,475.0,308750.0,"$123,500 ",40%,In-store,Karlen McCaffrey,1,Rural,Convenience
Amazon,1185732,11/16/2021,Northeast,Maine,Portland,Women's Apparel,$60.00 ,325.0,195000.0,"$78,000 ",40%,Outlet,Rafaelita Blaksland,7,Mix,All Season
Foot Locker,1185732,2/18/2021,South,Mississippi,Jackson,Women's Athletic Footwear,$25.00 ,325.0,81250.0,"$32,500 ",40%,Online,Mallorie Waber,3,Accessory,Regular
Foot Locker,1185732,8/11/2020,Southeast,Florida,Miami,Women's Apparel,$41.00 ,247.0,10127.0,"$6,279 ",62%,Online,Oby Sorrel,17,Accessory,Select
Walmart,1128299,7/16/2021,Southeast,Florida,Orlando,Women's Apparel,$110.00 ,650.0,715000.0,"$321,750 ",45%,In-store,Brien Boise,9,Rural,Extreme
Amazon,1185732,1/13/2021,Southeast,North Carolina,Charlotte,Men's Street Footwear,$35.00 ,775.0,271250.0,"$108,500 ",40%,Online,Beverie Moffet,10,Urban,Regular
Foot Locker,1185732,11/4/2021,Northeast,Connecticut,Hartford,Women's Apparel,$67.00 ,95.0,6365.0,"$2,992 ",47%,Online,Kelci Walkden,7,Rural,Extreme
West Gear,1128299,2/25/2020,West,Nevada,Las Vegas,Men's Street Footwear,$60.00 ,550.0,330000.0,"$115,500 ",35%,In-store,Camilla Castle,2,Youth,Select
Amazon,1185732,10/12/2021,Northeast,Vermont,Burlington,Women's Street Footwear,$40.00 ,66.0,2640.0,$977 ,37%,Outlet,Husein Augar,14,Accessory,Select
West Gear,1128299,1/13/2020,West,Nevada,Las Vegas,Women's Apparel,$45.00 ,400.0,180000.0,"$36,000 ",20%,Outlet,Ches Bonnell,19,Rural,Convenience
Sports Direct,1197831,9/9/2021,South,Alabama,Birmingham,Women's Athletic Footwear,$36.00 ,196.0,7056.0,"$4,728 ",67%,Outlet,Wilone O'Kielt,17,Urban,Convenience
West Gear,1185732,5/12/2021,West,Utah,Salt Lake City,Women's Street Footwear,$25.00 ,350.0,87500.0,"$30,625 ",35%,In-store,Brien Boise,14,Urban,Regular
Sports Direct,1197831,4/14/2021,South,Tennessee,Knoxville,Women's Apparel,$50.00 ,875.0,437500.0,"$240,625 ",55%,Outlet,Jehu Rudeforth,11,Mix,Extreme
Sports Direct,1185732,9/15/2021,Midwest,Michigan,Detroit,Men's Athletic Footwear,$37.00 ,174.0,6438.0,"$3,283 ",51%,Online,Marney O'Breen,3,Rural,Youth
West Gear,1185732,8/11/2021,West,Utah,Salt Lake City,Men's Street Footwear,$35.00 ,750.0,262500.0,"$105,000 ",40%,In-store,Karlen McCaffrey,1,Mix,Moderation
Sports Direct,1185732,10/15/2021,Northeast,Massachusetts,Boston,Men's Street Footwear,$57.00 ,120.0,6840.0,"$3,078 ",45%,Online,Kelci Walkden,22,Mix,Regular
Sports Direct,1197831,8/12/2021,South,Alabama,Birmingham,Women's Apparel,$33.00 ,126.0,4158.0,"$2,786 ",67%,Online,Curtice Advani,9,Rural,Accessory
West Gear,1197831,6/21/2021,South,Oklahoma,Oklahoma City,Women's Apparel,$40.00 ,143.0,5720.0,"$2,402 ",42%,Outlet,Rafaelita Blaksland,11,Youth,Accessory
Foot Locker,1128299,9/24/2021,West,Arizona,Phoenix,Men's Athletic Footwear,$50.00 ,575.0,287500.0,"$115,000 ",40%,Online,Mallorie Waber,3,Mix,Youth
Amazon,1185732,4/18/2021,Northeast,New Hampshire,Manchester,Women's Athletic Footwear,$35.00 ,53.0,1855.0,$594 ,32%,Outlet,Brien Boise,10,Mix,Youth
Sports Direct,1197831,7/23/2020,South,Texas,Houston,Men's Apparel,$36.00 ,154.0,5544.0,"$2,384 ",43%,Online,Mallorie Waber,7,Urban,Extreme
Foot Locker,1185732,6/18/2021,Midwest,Missouri,St. Louis,Men's Athletic Footwear,$27.00 ,91.0,2457.0,"$1,130 ",46%,Online,Beverie Moffet,2,Youth,Productivity
Walmart,1128299,8/17/2021,Southeast,Florida,Orlando,Men's Athletic Footwear,$77.00 ,206.0,15862.0,"$5,552 ",35%,Online,Wilone O'Kielt,7,Accessory,Youth
Foot Locker,1185732,6/24/2021,Midwest,Nebraska,Omaha,Men's Apparel,$45.00 ,150.0,67500.0,"$23,625 ",35%,Outlet,Wilone O'Kielt,1,Urban,Moderation
Amazon,1185732,1/13/2021,Southeast,North Carolina,Charlotte,Women's Athletic Footwear,$29.00 ,123.0,3567.0,"$1,855 ",52%,Online,Dotty Strutley,16,Urban,Select
Foot Locker,1185732,1/6/2021,Midwest,North Dakota,Fargo,Men's Athletic Footwear,$30.00 ,250.0,75000.0,"$26,250 ",35%,In-store,Andria Kimpton,8,Urban,Convenience
Sports Direct,1185732,3/15/2021,Midwest,Michigan,Detroit,Women's Athletic Footwear,$30.00 ,325.0,97500.0,"$34,125 ",35%,In-store,Gunar Cockshoot,17,Rural,Youth
West Gear,1128299,4/24/2021,West,Oregon,Portland,Men's Athletic Footwear,$39.00 ,88.0,3432.0,"$1,407 ",41%,Outlet,Wilone O'Kielt,13,Urban,Extreme
West Gear,1185732,11/6/2021,Midwest,Iowa,Des Moines,Men's Apparel,$55.00 ,49.0,2695.0,"$1,617 ",60%,Online,Wilone O'Kielt,20,Youth,Select
Sports Direct,1197831,3/12/2021,Midwest,Montana,Billings,Women's Street Footwear,$30.00 ,500.0,150000.0,"$52,500 ",35%,Outlet,Curtice Advani,3,Accessory,Youth
Foot Locker,1185732,6/16/2021,Midwest,Nebraska,Omaha,Women's Street Footwear,$32.00 ,30.0,960.0,$461 ,48%,Online,Oby Sorrel,7,Urban,Productivity
Sports Direct,1197831,9/18/2021,South,Texas,Dallas,Women's Street Footwear,$45.00 ,975.0,438750.0,"$175,500 ",40%,Outlet,Oby Sorrel,21,Accessory,All Season
Foot Locker,1128299,8/24/2021,Southeast,Virginia,Richmond,Men's Athletic Footwear,$80.00 ,775.0,620000.0,"$217,000 ",35%,In-store,Curtice Advani,19,Urban,Accessory
Foot Locker,1185732,12/28/2021,Northeast,Pennsylvania,Philadelphia,Men's Athletic Footwear,$47.00 ,85.0,3995.0,"$1,638 ",41%,Outlet,Dotty Strutley,13,Accessory,All Season
Kohl's,1185732,6/12/2021,West,Wyoming,Cheyenne,Men's Apparel,$49.00 ,135.0,6615.0,"$2,911 ",44%,Online,Andria Kimpton,4,Rural,Moderation
Amazon,1185732,5/17/2021,Northeast,New Hampshire,Manchester,Men's Street Footwear,$47.00 ,196.0,9212.0,"$3,961 ",43%,Outlet,Camilla Castle,10,Youth,Convenience
Walmart,1197831,8/15/2020,South,Texas,Houston,Women's Athletic Footwear,$31.00 ,245.0,7595.0,"$3,873 ",51%,Outlet,Wilone O'Kielt,14,Mix,Convenience
Amazon,1185732,10/26/2021,Northeast,Maine,Portland,Women's Street Footwear,$30.00 ,200.0,60000.0,"$24,000 ",40%,Outlet,Oby Sorrel,16,Rural,Regular
Foot Locker,1128299,6/23/2021,West,Arizona,Phoenix,Women's Street Footwear,$41.00 ,147.0,6027.0,"$2,290 ",38%,Outlet,Brien Boise,12,Mix,Regular
Foot Locker,1185732,2/18/2021,Midwest,Michigan,Detroit,Women's Street Footwear,$19.00 ,113.0,2147.0,$966 ,45%,Online,Marney O'Breen,22,Youth,Accessory
Kohl's,1185732,7/10/2021,West,Wyoming,Cheyenne,Men's Apparel,$50.00 ,525.0,262500.0,"$78,750 ",30%,In-store,Wilone O'Kielt,9,Mix,Accessory
Foot Locker,1185732,10/6/2021,Midwest,Iowa,Des Moines,Men's Athletic Footwear,$35.00 ,250.0,87500.0,"$30,625 ",35%,In-store,Rafaelita Blaksland,20,Mix,Extreme
Walmart,1185732,4/29/2020,Northeast,New York,New York,Women's Street Footwear,$55.00 ,920.0,506000.0,"$177,100 ",35%,Outlet,Jan Morforth,3,Accessory,Productivity
West Gear,1185732,2/10/2021,Midwest,Wisconsin,Milwaukee,Men's Street Footwear,$34.00 ,160.0,5440.0,"$2,992 ",55%,Online,Marney O'Breen,1,Rural,Productivity
West Gear,1128299,11/15/2020,West,California,San Francisco,Women's Street Footwear,$47.00 ,210.0,9870.0,"$4,145 ",42%,Outlet,Jehu Rudeforth,21,Mix,All Season
Sports Direct,1185732,5/3/2021,Northeast,Connecticut,Hartford,Women's Athletic Footwear,$44.00 ,63.0,2772.0,"$1,137 ",41%,Online,Beverie Moffet,21,Rural,Moderation
Amazon,1185732,3/17/2021,Northeast,New Hampshire,Manchester,Men's Athletic Footwear,$50.00 ,275.0,137500.0,"$55,000 ",40%,In-store,Husein Augar,3,Urban,Youth
West Gear,1128299,3/10/2020,West,Nevada,Las Vegas,Men's Athletic Footwear,$50.00 ,209.0,10450.0,"$2,613 ",25%,Outlet,Husein Augar,8,Rural,Youth
Sports Direct,1185732,6/17/2021,Midwest,Michigan,Detroit,Women's Apparel,$60.00 ,169.0,10140.0,"$6,591 ",65%,Online,Kaine Padly,14,Mix,Productivity
West Gear,1185732,9/12/2021,West,Utah,Salt Lake City,Men's Street Footwear,$29.00 ,169.0,4901.0,"$2,549 ",52%,Online,Husein Augar,5,Youth,Accessory
West Gear,1185732,10/10/2021,Northeast,New York,Albany,Women's Street Footwear,$46.00 ,137.0,6302.0,"$2,521 ",40%,Online,Oby Sorrel,14,Rural,Select
Amazon,1185732,12/2/2021,Southeast,North Carolina,Charlotte,Women's Athletic Footwear,$60.00 ,675.0,405000.0,"$162,000 ",40%,Online,Dennison Crosswaite,21,Rural,Accessory
West Gear,1128299,6/27/2020,West,Washington,Seattle,Women's Street Footwear,$80.00 ,625.0,500000.0,"$125,000 ",25%,In-store,Van Tuxwell,14,Mix,Regular
West Gear,1185732,11/6/2021,Midwest,Iowa,Des Moines,Men's Apparel,$60.00 ,175.0,105000.0,"$52,500 ",50%,In-store,Kelci Walkden,11,Rural,All Season
Foot Locker,1185732,11/6/2020,Midwest,Minnesota,Minneapolis,Women's Street Footwear,$29.00 ,26.0,754.0,$332 ,44%,Online,Roddy Speechley,15,Youth,Youth
Sports Direct,1185732,5/3/2021,Northeast,Connecticut,Hartford,Men's Apparel,$37.00 ,83.0,3071.0,"$1,075 ",35%,Outlet,Rafaelita Blaksland,19,Mix,Extreme
Amazon,1185732,3/17/2021,Northeast,New Hampshire,Manchester,Women's Athletic Footwear,$44.00 ,38.0,1672.0,$702 ,42%,Online,Jan Morforth,13,Accessory,Moderation
Foot Locker,1185732,1/12/2021,Midwest,Kansas,Wichita,Women's Athletic Footwear,$35.00 ,125.0,43750.0,"$13,125 ",30%,Online,Dotty Strutley,16,Accessory,Extreme
Sports Direct,1185732,2/9/2021,Midwest,South Dakota,Sioux Falls,Men's Athletic Footwear,$34.00 ,51.0,1734.0,$746 ,43%,Online,Madelene Upcott,22,Urban,Extreme
Amazon,1185732,5/17/2021,Northeast,New Hampshire,Manchester,Women's Apparel,$70.00 ,425.0,297500.0,"$104,125 ",35%,In-store,Madelene Upcott,7,Rural,Moderation
West Gear,1185732,3/16/2021,Northeast,West Virginia,Charleston,Men's Athletic Footwear,$27.00 ,69.0,1863.0,"$1,006 ",54%,Online,Gigi Bohling,20,Mix,Productivity
Amazon,1185732,10/22/2021,West,Alaska,Anchorage,Men's Apparel,$75.00 ,150.0,112500.0,"$28,125 ",25%,Outlet,Wilone O'Kielt,14,Urban,Youth
Kohl's,1189833,1/3/2021,Midwest,Montana,Billings,Men's Street Footwear,$35.00 ,525.0,183750.0,"$82,688 ",45%,Outlet,Marney O'Breen,14,Urban,Accessory
West Gear,1197831,2/21/2021,South,Oklahoma,Oklahoma City,Men's Apparel,$35.00 ,250.0,87500.0,"$30,625 ",35%,Online,Jan Morforth,12,Youth,Youth
Sports Direct,1185732,7/15/2021,Midwest,Michigan,Detroit,Women's Apparel,$62.00 ,210.0,13020.0,"$8,984 ",69%,Online,Rafaelita Blaksland,17,Mix,Convenience
Foot Locker,1185732,7/18/2021,Midwest,Illinois,Chicago,Men's Street Footwear,$47.00 ,135.0,6345.0,"$3,173 ",50%,Online,Jehu Rudeforth,8,Mix,Select
West Gear,1128299,1/5/2021,West,California,San Francisco,Women's Apparel,$72.00 ,189.0,13608.0,"$4,491 ",33%,Online,Oby Sorrel,22,Accessory,Moderation
West Gear,1185732,7/2/2021,Midwest,Wisconsin,Milwaukee,Women's Street Footwear,$40.00 ,225.0,90000.0,"$27,000 ",30%,In-store,Dotty Strutley,15,Urban,Accessory
West Gear,1128299,6/23/2020,West,Washington,Seattle,Men's Apparel,$60.00 ,52.0,3120.0,"$1,186 ",38%,Online,Gigi Bohling,5,Mix,Regular
West Gear,1197831,7/6/2021,West,Idaho,Boise,Men's Apparel,$53.00 ,131.0,6943.0,"$3,333 ",48%,Online,Dennison Crosswaite,8,Mix,Youth
Amazon,1185732,10/11/2021,Midwest,Ohio,Columbus,Women's Athletic Footwear,$29.00 ,112.0,3248.0,"$1,656 ",51%,Online,Brien Boise,10,Rural,Accessory
Kohl's,1189833,5/10/2021,West,California,Los Angeles,Women's Athletic Footwear,$39.00 ,195.0,7605.0,"$3,042 ",40%,Outlet,Husein Augar,21,Accessory,All Season
Foot Locker,1185732,2/8/2021,Northeast,Rhode Island,Providence,Women's Athletic Footwear,$20.00 ,16.0,320.0,$144 ,45%,Outlet,Kelci Walkden,15,Youth,Youth
Walmart,1197831,10/21/2021,South,Arkansas,Little Rock,Women's Street Footwear,$19.00 ,78.0,1482.0,$741 ,50%,Online,Dotty Strutley,3,Mix,All Season
Amazon,1185732,11/3/2021,Northeast,Maine,Portland,Men's Apparel,$47.00 ,20.0,940.0,$357 ,38%,Online,Brien Boise,2,Rural,Productivity
Foot Locker,1185732,4/6/2021,Southeast,South Carolina,Charleston,Women's Athletic Footwear,$30.00 ,600.0,180000.0,"$54,000 ",30%,Online,Kelci Walkden,18,Accessory,Extreme
West Gear,1128299,10/24/2021,West,Oregon,Portland,Women's Apparel,$60.00 ,350.0,210000.0,"$63,000 ",30%,In-store,Mallorie Waber,1,Youth,Accessory
West Gear,1128299,7/20/2020,West,Washington,Seattle,Men's Athletic Footwear,$64.00 ,138.0,8832.0,"$3,268 ",37%,Online,Gigi Bohling,5,Accessory,Extreme
West Gear,1185732,1/12/2021,Southeast,Florida,Orlando,Men's Athletic Footwear,$45.00 ,650.0,292500.0,"$102,375 ",35%,In-store,Curtice Advani,12,Mix,Extreme
Sports Direct,1185732,11/7/2021,Northeast,Rhode Island,Providence,Women's Apparel,$60.00 ,77.0,4620.0,"$2,402 ",52%,Online,Wilone O'Kielt,2,Youth,Convenience
West Gear,1185732,9/12/2021,West,Utah,Salt Lake City,Women's Athletic Footwear,$7.00 ,111.0,777.0,$357 ,46%,Outlet,Jan Morforth,4,Urban,Moderation
Kohl's,1128299,11/26/2021,West,New Mexico,Albuquerque,Women's Street Footwear,$54.00 ,117.0,6318.0,"$3,033 ",48%,Online,Wilone O'Kielt,20,Youth,Select
West Gear,1197831,6/21/2021,South,Oklahoma,Oklahoma City,Women's Street Footwear,$40.00 ,325.0,130000.0,"$52,000 ",40%,Online,Andria Kimpton,18,Urban,Youth
West Gear,1128299,4/29/2020,West,Colorado,Denver,Women's Athletic Footwear,$70.00 ,500.0,350000.0,"$140,000 ",40%,In-store,Curtice Advani,6,Mix,Youth
Foot Locker,1185732,1/17/2021,Northeast,Maryland,Baltimore,Women's Athletic Footwear,$35.00 ,175.0,61250.0,"$24,500 ",40%,In-store,Madelene Upcott,4,Rural,Regular
West Gear,1128299,10/17/2021,South,Louisiana,New Orleans,Women's Apparel,$50.00 ,108.0,5400.0,"$2,538 ",47%,Online,Karlen McCaffrey,16,Accessory,Extreme
Sports Direct,1185732,9/25/2020,Southeast,Florida,Miami,Women's Street Footwear,$45.00 ,750.0,337500.0,"$84,375 ",25%,In-store,Kaine Padly,5,Youth,Regular
Amazon,1185732,11/14/2021,Northeast,Massachusetts,Boston,Men's Street Footwear,$65.00 ,375.0,243750.0,"$73,125 ",30%,In-store,Wilone O'Kielt,9,Urban,Youth
Foot Locker,1128299,8/24/2021,Southeast,Virginia,Richmond,Men's Athletic Footwear,$53.00 ,240.0,12720.0,"$5,342 ",42%,Outlet,Rafaelita Blaksland,17,Urban,Convenience
West Gear,1185732,9/11/2021,Midwest,Indiana,Indianapolis,Men's Street Footwear,$35.00 ,475.0,166250.0,"$66,500 ",40%,In-store,Dotty Strutley,3,Urban,Youth
Sports Direct,1197831,10/8/2021,South,Alabama,Birmingham,Women's Street Footwear,$65.00 ,700.0,455000.0,"$227,500 ",50%,Outlet,Andria Kimpton,4,Youth,Productivity
Foot Locker,1185732,11/14/2021,Northeast,Pennsylvania,Philadelphia,Women's Apparel,$48.00 ,54.0,2592.0,$933 ,36%,Online,Van Tuxwell,10,Youth,Extreme
Sports Direct,1185732,2/5/2021,Northeast,Connecticut,Hartford,Women's Apparel,$32.00 ,96.0,3072.0,"$1,198 ",39%,Outlet,Kelci Walkden,9,Youth,Accessory
Foot Locker,1185732,11/25/2021,Northeast,Pennsylvania,Philadelphia,Men's Apparel,$65.00 ,150.0,97500.0,"$34,125 ",35%,Outlet,Rafaelita Blaksland,8,Youth,Moderation
Sports Direct,1128299,3/12/2021,Southeast,Georgia,Atlanta,Women's Athletic Footwear,$38.00 ,78.0,2964.0,"$1,334 ",45%,Outlet,Dotty Strutley,2,Urban,Youth
Walmart,1197831,10/21/2021,South,Arkansas,Little Rock,Men's Street Footwear,$21.00 ,180.0,3780.0,"$1,701 ",45%,Outlet,Husein Augar,8,Youth,Productivity
Sports Direct,1128299,4/13/2021,Southeast,Georgia,Atlanta,Men's Street Footwear,$45.00 ,142.0,6390.0,"$3,259 ",51%,Online,Gigi Bohling,16,Accessory,All Season
Foot Locker,1128299,1/24/2021,West,Wyoming,Cheyenne,Men's Athletic Footwear,$40.00 ,350.0,140000.0,"$49,000 ",35%,In-store,Kelci Walkden,7,Youth,Select
Sports Direct,1185732,10/15/2021,Northeast,Massachusetts,Boston,Men's Apparel,$65.00 ,100.0,65000.0,"$16,250 ",25%,In-store,Ches Bonnell,17,Rural,Convenience
Sports Direct,1197831,8/8/2021,South,Alabama,Birmingham,Men's Athletic Footwear,$26.00 ,192.0,4992.0,"$2,097 ",42%,Outlet,Rafaelita Blaksland,20,Youth,Moderation
Sports Direct,1128299,8/13/2021,Southeast,Georgia,Atlanta,Women's Street Footwear,$54.00 ,150.0,8100.0,"$3,726 ",46%,Online,Gigi Bohling,20,Accessory,Select
Sports Direct,1128299,1/13/2021,West,New Mexico,Albuquerque,Women's Apparel,$40.00 ,450.0,180000.0,"$45,000 ",25%,Online,Mallorie Waber,18,Youth,Accessory
Amazon,1185732,11/22/2021,Southeast,Kentucky,Louisville,Men's Athletic Footwear,$39.00 ,72.0,2808.0,"$1,320 ",47%,Online,Beverie Moffet,19,Accessory,Youth
Foot Locker,1185732,10/8/2021,Northeast,Rhode Island,Providence,Men's Apparel,$55.00 ,19.0,1045.0,$418 ,40%,Online,Marney O'Breen,3,Urban,Moderation
Foot Locker,1185732,11/26/2020,Midwest,Minnesota,Minneapolis,Men's Apparel,$50.00 ,200.0,100000.0,"$30,000 ",30%,Outlet,Wilone O'Kielt,21,Rural,Moderation
Foot Locker,1128299,5/24/2021,West,Arizona,Phoenix,Women's Athletic Footwear,$49.00 ,90.0,4410.0,"$2,205 ",50%,Online,Gigi Bohling,18,Mix,All Season
Walmart,1197831,8/24/2020,South,Texas,Houston,Men's Street Footwear,$37.00 ,238.0,8806.0,"$3,963 ",45%,Online,Gunar Cockshoot,18,Youth,Productivity
Sports Direct,1197831,10/3/2021,South,Texas,Dallas,Women's Apparel,$33.00 ,236.0,7788.0,"$4,595 ",59%,Outlet,Jehu Rudeforth,18,Mix,Convenience
Kohl's,1189833,2/5/2021,Midwest,Montana,Billings,Women's Athletic Footwear,$36.00 ,113.0,4068.0,"$2,156 ",53%,Online,Van Tuxwell,10,Accessory,Youth
Foot Locker,1128299,10/23/2021,West,Arizona,Phoenix,Women's Apparel,$60.00 ,325.0,195000.0,"$48,750 ",25%,Online,Rafaelita Blaksland,21,Accessory,Select
West Gear,1128299,1/11/2020,West,Nevada,Las Vegas,Women's Athletic Footwear,$44.00 ,74.0,3256.0,"$1,498 ",46%,Online,Jehu Rudeforth,18,Rural,Select
Foot Locker,1185732,4/6/2021,Midwest,Iowa,Des Moines,Men's Street Footwear,$20.00 ,475.0,95000.0,"$28,500 ",30%,In-store,Brien Boise,19,Youth,Moderation
West Gear,1197831,7/6/2021,West,Idaho,Boise,Women's Street Footwear,$50.00 ,925.0,462500.0,"$185,000 ",40%,Online,Mallorie Waber,17,Urban,Extreme
West Gear,1185732,9/16/2020,Southeast,Florida,Miami,Women's Apparel,$67.00 ,244.0,16348.0,"$10,626 ",65%,Online,Mallorie Waber,16,Youth,Accessory
West Gear,1128299,10/24/2021,West,Oregon,Portland,Women's Street Footwear,$46.00 ,91.0,4186.0,"$2,051 ",49%,Online,Mallorie Waber,21,Urban,Select
Foot Locker,1128299,5/11/2021,West,Hawaii,Honolulu,Men's Apparel,$60.00 ,175.0,105000.0,"$15,750 ",15%,Outlet,Dotty Strutley,22,Accessory,Accessory
Sports Direct,1197831,10/18/2021,South,Texas,Dallas,Women's Street Footwear,$46.00 ,239.0,10994.0,"$4,837 ",44%,Outlet,Karlen McCaffrey,9,Urban,Extreme
West Gear,1128299,3/16/2020,West,Nevada,Las Vegas,Men's Athletic Footwear,$38.00 ,123.0,4674.0,"$1,542 ",33%,Online,Barr Faughny,8,Accessory,Extreme
West Gear,1128299,4/3/2020,West,Colorado,Denver,Men's Athletic Footwear,$65.00 ,325.0,211250.0,"$42,250 ",20%,In-store,Brien Boise,8,Mix,Productivity
Kohl's,1189833,3/16/2021,West,California,Los Angeles,Women's Athletic Footwear,$45.00 ,525.0,236250.0,"$82,688 ",35%,Outlet,Andria Kimpton,2,Mix,Accessory
Sports Direct,1197831,4/12/2021,South,Tennessee,Knoxville,Women's Athletic Footwear,$29.00 ,198.0,5742.0,"$3,216 ",56%,Outlet,Kaine Padly,15,Youth,Youth
Sports Direct,1185732,7/3/2021,Northeast,Connecticut,Hartford,Women's Apparel,$56.00 ,143.0,8008.0,"$3,844 ",48%,Online,Gigi Bohling,14,Urban,Extreme
Foot Locker,1185732,12/26/2020,Midwest,Minnesota,Minneapolis,Men's Apparel,$55.00 ,175.0,96250.0,"$28,875 ",30%,Outlet,Rafaelita Blaksland,22,Youth,Productivity
Sports Direct,1185732,10/15/2021,Northeast,Massachusetts,Boston,Women's Athletic Footwear,$38.00 ,32.0,1216.0,$328 ,27%,Outlet,Ches Bonnell,18,Urban,Regular
Sports Direct,1197831,10/10/2021,South,Texas,Dallas,Men's Street Footwear,$38.00 ,181.0,6878.0,"$3,783 ",55%,Online,Curtice Advani,8,Accessory,Accessory
West Gear,1185732,11/11/2021,West,Utah,Salt Lake City,Women's Athletic Footwear,$15.00 ,124.0,1860.0,$781 ,42%,Outlet,Jan Morforth,6,Urban,Productivity
West Gear,1197831,4/5/2021,West,Idaho,Boise,Women's Athletic Footwear,$29.00 ,113.0,3277.0,"$1,802 ",55%,Online,Jehu Rudeforth,7,Rural,Youth
Walmart,1197831,8/20/2021,South,Arkansas,Little Rock,Men's Apparel,$50.00 ,375.0,187500.0,"$65,625 ",35%,Online,Kaine Padly,6,Accessory,Productivity
West Gear,1185732,1/3/2021,Midwest,Iowa,Des Moines,Men's Apparel,$40.00 ,150.0,60000.0,"$30,000 ",50%,In-store,Jehu Rudeforth,3,Urban,Productivity
Kohl's,1197831,6/14/2021,Midwest,Kansas,Wichita,Men's Street Footwear,$37.00 ,144.0,5328.0,"$2,664 ",50%,Online,Ches Bonnell,14,Urban,Regular
Sports Direct,1197831,5/11/2021,South,Tennessee,Knoxville,Women's Street Footwear,$55.00 ,600.0,330000.0,"$148,500 ",45%,Outlet,Karlen McCaffrey,11,Urban,All Season
Foot Locker,1185732,2/18/2021,South,Mississippi,Jackson,Men's Apparel,$26.00 ,136.0,3536.0,"$1,379 ",39%,Outlet,Rafaelita Blaksland,14,Rural,All Season
Foot Locker,1185732,8/20/2020,Southeast,Florida,Miami,Women's Street Footwear,$35.00 ,775.0,271250.0,"$67,813 ",25%,In-store,Barr Faughny,6,Youth,All Season
Foot Locker,1185732,7/28/2021,Midwest,Illinois,Chicago,Men's Apparel,$56.00 ,33.0,1848.0,$869 ,47%,Online,Brien Boise,1,Rural,All Season
West Gear,1128299,6/30/2020,West,Washington,Seattle,Women's Apparel,$98.00 ,182.0,17836.0,"$6,064 ",34%,Online,Wilone O'Kielt,20,Youth,Youth
Foot Locker,1128299,1/23/2021,West,Idaho,Boise,Men's Street Footwear,$29.00 ,119.0,3451.0,"$1,656 ",48%,Online,Marney O'Breen,15,Accessory,Accessory
Sports Direct,1185732,11/17/2021,South,Mississippi,Jackson,Men's Apparel,$71.00 ,123.0,8733.0,"$3,930 ",45%,Online,Oby Sorrel,14,Urban,Extreme
Foot Locker,1185732,12/5/2021,Southeast,South Carolina,Charleston,Men's Athletic Footwear,$60.00 ,875.0,525000.0,"$183,750 ",35%,Online,Dennison Crosswaite,3,Accessory,Youth
Foot Locker,1185732,11/28/2021,Northeast,Pennsylvania,Philadelphia,Men's Athletic Footwear,$60.00 ,300.0,180000.0,"$63,000 ",35%,Outlet,Jan Morforth,8,Youth,Select
Foot Locker,1185732,6/8/2021,Northeast,Rhode Island,Providence,Men's Apparel,$50.00 ,200.0,100000.0,"$30,000 ",30%,In-store,Barr Faughny,5,Accessory,Youth
West Gear,1128299,12/24/2020,West,California,San Francisco,Women's Apparel,$60.00 ,700.0,420000.0,"$63,000 ",15%,Outlet,Husein Augar,8,Rural,All Season
Kohl's,1128299,8/26/2021,West,New Mexico,Albuquerque,Women's Apparel,$50.00 ,153.0,7650.0,"$2,448 ",32%,Outlet,Gigi Bohling,13,Rural,All Season
West Gear,1197831,12/19/2021,South,Arkansas,Little Rock,Women's Street Footwear,$55.00 ,126.0,6930.0,"$3,742 ",54%,Online,Barr Faughny,20,Urban,Convenience
West Gear,1128299,1/14/2020,West,Nevada,Las Vegas,Men's Street Footwear,$31.00 ,182.0,5642.0,"$2,539 ",45%,Outlet,Andria Kimpton,17,Youth,Accessory
West Gear,1128299,1/21/2021,West,California,San Francisco,Women's Athletic Footwear,$65.00 ,750.0,487500.0,"$146,250 ",30%,Outlet,Mallorie Waber,7,Youth,Convenience
Sports Direct,1197831,5/19/2021,South,Tennessee,Knoxville,Men's Apparel,$55.00 ,500.0,275000.0,"$110,000 ",40%,Outlet,Jan Morforth,11,Urban,Productivity
Amazon,1185732,1/22/2021,Midwest,Ohio,Columbus,Men's Apparel,$50.00 ,200.0,100000.0,"$35,000 ",35%,Online,Camilla Castle,8,Urban,Accessory
Sports Direct,1197831,9/24/2021,South,Texas,Dallas,Women's Street Footwear,$50.00 ,975.0,487500.0,"$195,000 ",40%,Outlet,Van Tuxwell,10,Rural,Regular
Foot Locker,1128299,2/24/2021,West,Wyoming,Cheyenne,Men's Athletic Footwear,$36.00 ,105.0,3780.0,"$1,701 ",45%,Online,Beverie Moffet,5,Urban,Productivity
Foot Locker,1128299,6/24/2021,Southeast,Virginia,Richmond,Men's Street Footwear,$37.00 ,233.0,8621.0,"$3,190 ",37%,Outlet,Dotty Strutley,7,Rural,Regular
Sports Direct,1185732,4/14/2021,Northeast,Massachusetts,Boston,Women's Apparel,$30.00 ,94.0,2820.0,"$1,015 ",36%,Outlet,Husein Augar,14,Youth,Extreme
Foot Locker,1185732,4/12/2021,Midwest,South Dakota,Sioux Falls,Women's Street Footwear,$29.00 ,45.0,1305.0,$522 ,40%,Online,Gigi Bohling,5,Accessory,All Season
West Gear,1185732,12/5/2021,Midwest,Iowa,Des Moines,Men's Apparel,$60.00 ,225.0,135000.0,"$67,500 ",50%,In-store,Marney O'Breen,22,Accessory,Moderation
West Gear,1197831,6/21/2021,South,Oklahoma,Oklahoma City,Women's Athletic Footwear,$38.00 ,87.0,3306.0,"$1,653 ",50%,Online,Husein Augar,18,Accessory,Accessory
West Gear,1128299,2/4/2020,West,Nevada,Las Vegas,Women's Athletic Footwear,$58.00 ,111.0,6438.0,"$3,283 ",51%,Online,Jan Morforth,8,Accessory,Regular
Amazon,1185732,6/22/2021,West,Alaska,Anchorage,Men's Athletic Footwear,$60.00 ,400.0,240000.0,"$84,000 ",35%,Outlet,Van Tuxwell,19,Urban,Extreme
Foot Locker,1185732,3/13/2021,Northeast,Delaware,Wilmington,Men's Street Footwear,$40.00 ,545.0,218000.0,"$76,300 ",35%,In-store,Barr Faughny,3,Rural,Accessory
Walmart,1185732,4/30/2020,Northeast,New York,New York,Women's Athletic Footwear,$55.00 ,900.0,495000.0,"$173,250 ",35%,Outlet,Jehu Rudeforth,20,Youth,Extreme
Kohl's,1189833,4/11/2021,West,California,Los Angeles,Men's Apparel,$49.00 ,119.0,5831.0,"$3,848 ",66%,Online,Wilone O'Kielt,11,Youth,Extreme
West Gear,1128299,4/17/2021,South,Louisiana,New Orleans,Men's Apparel,$45.00 ,175.0,78750.0,"$35,438 ",45%,In-store,Husein Augar,7,Rural,Select
Walmart,1185732,10/18/2021,South,Mississippi,Jackson,Men's Athletic Footwear,$25.00 ,500.0,125000.0,"$43,750 ",35%,Online,Brien Boise,7,Rural,Accessory
Sports Direct,1185732,10/9/2021,Midwest,North Dakota,Fargo,Men's Apparel,$50.00 ,125.0,62500.0,"$21,875 ",35%,In-store,Barr Faughny,5,Mix,Youth
Kohl's,1128299,4/26/2021,West,New Mexico,Albuquerque,Men's Apparel,$46.00 ,60.0,2760.0,$966 ,35%,Outlet,Camilla Castle,21,Rural,Regular
Kohl's,1197831,2/14/2021,Midwest,Kansas,Wichita,Women's Athletic Footwear,$20.00 ,42.0,840.0,$378 ,45%,Online,Beverie Moffet,7,Rural,Select
Foot Locker,1185732,6/12/2021,Midwest,Illinois,Chicago,Men's Street Footwear,$47.00 ,144.0,6768.0,"$3,722 ",55%,Online,Curtice Advani,7,Urban,Accessory
West Gear,1185732,1/12/2021,Southeast,Florida,Orlando,Women's Apparel,$44.00 ,176.0,7744.0,"$5,034 ",65%,Online,Camilla Castle,2,Youth,Youth
West Gear,1185732,3/2/2021,Midwest,Wisconsin,Milwaukee,Women's Athletic Footwear,$14.00 ,20.0,280.0,$115 ,41%,Online,Kaine Padly,4,Accessory,Regular
Sports Direct,1185732,4/14/2021,Northeast,Massachusetts,Boston,Women's Athletic Footwear,$35.00 ,125.0,43750.0,"$10,938 ",25%,In-store,Marney O'Breen,6,Accessory,Convenience
Foot Locker,1185732,5/26/2021,Midwest,Nebraska,Omaha,Women's Apparel,$35.00 ,225.0,78750.0,"$39,375 ",50%,Outlet,Andria Kimpton,12,Mix,All Season
Kohl's,1128299,5/27/2021,West,New Mexico,Albuquerque,Women's Street Footwear,$56.00 ,126.0,7056.0,"$3,316 ",47%,Online,Kaine Padly,7,Accessory,Youth
Kohl's,1189833,2/19/2021,Midwest,Montana,Billings,Women's Apparel,$59.00 ,122.0,7198.0,"$2,879 ",40%,Online,Oby Sorrel,10,Mix,Convenience
Sports Direct,1128299,12/23/2021,Southeast,Virginia,Richmond,Women's Athletic Footwear,$67.00 ,160.0,10720.0,"$5,360 ",50%,Online,Barr Faughny,5,Accessory,Select
Foot Locker,1185732,11/1/2021,Northeast,Pennsylvania,Philadelphia,Men's Apparel,$39.00 ,40.0,1560.0,$577 ,37%,Outlet,Curtice Advani,11,Accessory,Regular
Foot Locker,1128299,6/24/2021,Southeast,Virginia,Richmond,Men's Athletic Footwear,$65.00 ,650.0,422500.0,"$147,875 ",35%,In-store,Oby Sorrel,7,Urban,All Season
Kohl's,1185732,2/12/2021,West,Wyoming,Cheyenne,Women's Apparel,$38.00 ,174.0,6612.0,"$2,579 ",39%,Online,Dotty Strutley,22,Rural,Regular
Foot Locker,1128299,10/24/2021,Southeast,Virginia,Richmond,Women's Street Footwear,$50.00 ,350.0,175000.0,"$61,250 ",35%,In-store,Husein Augar,20,Youth,Convenience
Sports Direct,1185732,4/16/2021,Midwest,Michigan,Detroit,Men's Street Footwear,$35.00 ,725.0,253750.0,"$126,875 ",50%,In-store,Gunar Cockshoot,18,Youth,Select
West Gear,1128299,4/17/2021,South,Louisiana,New Orleans,Men's Apparel,$34.00 ,56.0,1904.0,$971 ,51%,Outlet,Jehu Rudeforth,21,Urban,Moderation
Kohl's,1189833,1/16/2021,Midwest,Montana,Billings,Men's Athletic Footwear,$45.00 ,375.0,168750.0,"$50,625 ",30%,Outlet,Jan Morforth,6,Youth,Accessory
Walmart,1128299,11/17/2021,Southeast,Florida,Orlando,Men's Street Footwear,$41.00 ,188.0,7708.0,"$2,621 ",34%,Outlet,Karlen McCaffrey,5,Urban,Accessory
Kohl's,1197831,6/14/2021,Midwest,Kansas,Wichita,Men's Apparel,$55.00 ,275.0,151250.0,"$52,938 ",35%,Online,Husein Augar,12,Mix,Extreme
Amazon,1185732,3/9/2021,Midwest,Ohio,Columbus,Women's Apparel,$30.00 ,475.0,142500.0,"$71,250 ",50%,Online,Kelci Walkden,22,Rural,Youth
West Gear,1185732,3/10/2021,West,Utah,Salt Lake City,Women's Apparel,$29.00 ,100.0,2900.0,"$1,856 ",64%,Online,Jehu Rudeforth,6,Youth,Moderation
West Gear,1128299,1/1/2021,West,California,San Francisco,Men's Athletic Footwear,$64.00 ,225.0,14400.0,"$5,184 ",36%,Online,Marney O'Breen,14,Rural,Regular
West Gear,1197831,9/19/2021,South,Oklahoma,Oklahoma City,Women's Street Footwear,$15.00 ,275.0,41250.0,"$16,500 ",40%,Online,Barr Faughny,22,Youth,Youth
West Gear,1197831,5/19/2021,South,Oklahoma,Oklahoma City,Men's Street Footwear,$40.00 ,595.0,238000.0,"$95,200 ",40%,Online,Roddy Speechley,21,Youth,Convenience
Kohl's,1189833,1/20/2021,Midwest,Montana,Billings,Women's Apparel,$60.00 ,375.0,225000.0,"$56,250 ",25%,Outlet,Beverie Moffet,15,Urban,Productivity
West Gear,1185732,8/10/2021,Midwest,Indiana,Indianapolis,Men's Street Footwear,$47.00 ,152.0,7144.0,"$3,929 ",55%,Online,Oby Sorrel,12,Urban,Convenience
Foot Locker,1185732,12/20/2021,Northeast,Maryland,Baltimore,Men's Athletic Footwear,$50.00 ,250.0,125000.0,"$43,750 ",35%,In-store,Mallorie Waber,17,Youth,All Season
West Gear,1128299,2/16/2021,West,California,San Francisco,Women's Apparel,$70.00 ,800.0,560000.0,"$56,000 ",10%,Outlet,Beverie Moffet,11,Rural,Extreme
Foot Locker,1185732,12/4/2021,Northeast,Pennsylvania,Philadelphia,Men's Athletic Footwear,$54.00 ,75.0,4050.0,"$1,904 ",47%,Online,Madelene Upcott,22,Urban,Accessory
Amazon,1185732,12/20/2021,West,Alaska,Anchorage,Men's Street Footwear,$69.00 ,174.0,12006.0,"$5,643 ",47%,Online,Karlen McCaffrey,11,Rural,Select
Amazon,1185732,4/22/2021,Southeast,Kentucky,Louisville,Men's Apparel,$50.00 ,125.0,62500.0,"$21,875 ",35%,Online,Kelci Walkden,12,Urban,Select
Kohl's,1185732,5/10/2021,West,Wyoming,Cheyenne,Women's Athletic Footwear,$39.00 ,131.0,5109.0,"$2,555 ",50%,Online,Jan Morforth,19,Youth,Select
Kohl's,1197831,2/14/2021,South,Oklahoma,Oklahoma City,Women's Street Footwear,$15.00 ,300.0,45000.0,"$15,750 ",35%,Online,Gigi Bohling,16,Youth,Extreme
Kohl's,1197831,12/19/2021,South,Oklahoma,Oklahoma City,Men's Athletic Footwear,$58.00 ,119.0,6902.0,"$3,106 ",45%,Online,Kelci Walkden,4,Accessory,Youth
Amazon,1185732,4/10/2021,Midwest,Ohio,Columbus,Women's Street Footwear,$19.00 ,106.0,2014.0,"$1,067 ",53%,Online,Jehu Rudeforth,7,Accessory,Regular
Sports Direct,1128299,7/12/2021,Southeast,Georgia,Atlanta,Men's Athletic Footwear,$55.00 ,575.0,316250.0,"$126,500 ",40%,Online,Karlen McCaffrey,7,Urban,Moderation
Foot Locker,1128299,3/23/2021,Southeast,Virginia,Richmond,Women's Athletic Footwear,$38.00 ,78.0,2964.0,"$1,156 ",39%,Outlet,Curtice Advani,18,Urban,All Season
Sports Direct,1197831,3/30/2021,South,Tennessee,Knoxville,Women's Street Footwear,$15.00 ,170.0,2550.0,"$1,122 ",44%,Outlet,Barr Faughny,18,Mix,Accessory
Foot Locker,1185732,2/18/2021,Midwest,Missouri,St. Louis,Women's Apparel,$30.00 ,400.0,120000.0,"$60,000 ",50%,In-store,Kelci Walkden,19,Youth,Youth
Foot Locker,1128299,2/23/2021,West,Idaho,Boise,Men's Athletic Footwear,$38.00 ,113.0,4294.0,"$2,319 ",54%,Online,Madelene Upcott,8,Rural,Convenience
Foot Locker,1197831,8/8/2021,West,Idaho,Boise,Men's Athletic Footwear,$37.00 ,255.0,9435.0,"$4,057 ",43%,Outlet,Beverie Moffet,7,Accessory,All Season
Sports Direct,1197831,4/3/2021,South,Tennessee,Knoxville,Men's Street Footwear,$12.00 ,247.0,2964.0,"$1,334 ",45%,Outlet,Karlen McCaffrey,2,Urban,Youth
Sports Direct,1185732,9/3/2021,Northeast,Connecticut,Hartford,Women's Athletic Footwear,$45.00 ,175.0,78750.0,"$23,625 ",30%,In-store,Rafaelita Blaksland,5,Accessory,Productivity
West Gear,1128299,2/17/2021,West,Oregon,Portland,Men's Street Footwear,$35.00 ,500.0,175000.0,"$70,000 ",40%,In-store,Wilone O'Kielt,21,Urban,Select
Amazon,1185732,1/22/2021,Midwest,Ohio,Columbus,Women's Street Footwear,$28.00 ,75.0,2100.0,"$1,092 ",52%,Online,Jehu Rudeforth,18,Rural,Productivity
West Gear,1185732,7/8/2021,Northeast,New York,Albany,Women's Athletic Footwear,$55.00 ,575.0,316250.0,"$94,875 ",30%,In-store,Marney O'Breen,10,Mix,Select
Kohl's,1189833,2/20/2021,Midwest,Montana,Billings,Men's Street Footwear,$45.00 ,550.0,247500.0,"$111,375 ",45%,Outlet,Gigi Bohling,14,Rural,Select
Foot Locker,1185732,1/25/2020,Northeast,New York,New York,Men's Street Footwear,$50.00 ,1220.0,610000.0,"$305,000 ",50%,Outlet,Dennison Crosswaite,13,Accessory,Select
Kohl's,1185732,7/10/2021,West,Wyoming,Cheyenne,Women's Apparel,$55.00 ,700.0,385000.0,"$96,250 ",25%,In-store,Andria Kimpton,10,Youth,Select
Foot Locker,1128299,10/24/2021,Southeast,Virginia,Richmond,Men's Street Footwear,$28.00 ,119.0,3332.0,"$1,333 ",40%,Outlet,Oby Sorrel,15,Mix,Youth
West Gear,1185732,4/24/2020,Southeast,Florida,Miami,Women's Street Footwear,$35.00 ,725.0,253750.0,"$63,438 ",25%,In-store,Oby Sorrel,5,Mix,All Season
Foot Locker,1185732,11/16/2021,Northeast,Pennsylvania,Philadelphia,Men's Athletic Footwear,$60.00 ,175.0,105000.0,"$31,500 ",30%,Outlet,Beverie Moffet,14,Rural,Regular
West Gear,1128299,8/17/2021,South,Louisiana,New Orleans,Men's Apparel,$65.00 ,475.0,308750.0,"$138,938 ",45%,Online,Gigi Bohling,2,Mix,Extreme
Kohl's,1189833,3/5/2021,Midwest,Montana,Billings,Men's Athletic Footwear,$50.00 ,675.0,337500.0,"$101,250 ",30%,Outlet,Gigi Bohling,6,Rural,Convenience
Foot Locker,1128299,3/22/2021,West,Arizona,Phoenix,Women's Athletic Footwear,$47.00 ,68.0,3196.0,"$1,470 ",46%,Online,Beverie Moffet,10,Youth,Youth
Foot Locker,1185732,3/11/2020,Northeast,New York,New York,Men's Athletic Footwear,$55.00 ,1025.0,563750.0,"$169,125 ",30%,Outlet,Gunar Cockshoot,3,Rural,Youth
Foot Locker,1185732,10/12/2021,Midwest,South Dakota,Sioux Falls,Women's Athletic Footwear,$43.00 ,36.0,1548.0,$697 ,45%,Online,Kelci Walkden,2,Rural,Productivity
Sports Direct,1128299,8/13/2021,Southeast,Georgia,Atlanta,Women's Apparel,$68.00 ,119.0,8092.0,"$2,832 ",35%,Online,Camilla Castle,3,Youth,All Season
Foot Locker,1197831,1/5/2021,South,Louisiana,New Orleans,Men's Street Footwear,$14.00 ,223.0,3122.0,"$1,061 ",34%,Outlet,Madelene Upcott,10,Rural,Regular
Foot Locker,1185732,2/22/2021,Northeast,New Hampshire,Manchester,Men's Athletic Footwear,$42.00 ,70.0,2940.0,"$1,235 ",42%,Outlet,Camilla Castle,4,Youth,Productivity
Foot Locker,1185732,5/5/2021,Southeast,South Carolina,Charleston,Men's Apparel,$53.00 ,196.0,10388.0,"$5,194 ",50%,Online,Madelene Upcott,6,Urban,Convenience
Sports Direct,1197831,3/18/2021,South,Tennessee,Knoxville,Women's Street Footwear,$35.00 ,450.0,157500.0,"$55,125 ",35%,Outlet,Mallorie Waber,11,Rural,Convenience
Amazon,1185732,11/10/2021,Midwest,Ohio,Columbus,Men's Athletic Footwear,$24.00 ,140.0,3360.0,"$1,512 ",45%,Online,Rafaelita Blaksland,3,Youth,Youth
Foot Locker,1185732,11/22/2020,Midwest,Minnesota,Minneapolis,Men's Street Footwear,$49.00 ,160.0,7840.0,"$3,685 ",47%,Online,Camilla Castle,1,Youth,Productivity
Foot Locker,1185732,1/17/2021,Northeast,Maryland,Baltimore,Men's Apparel,$50.00 ,225.0,112500.0,"$33,750 ",30%,In-store,Kaine Padly,11,Youth,Convenience
Sports Direct,1185732,4/3/2021,Southeast,North Carolina,Charlotte,Women's Street Footwear,$20.00 ,144.0,2880.0,"$1,584 ",55%,Online,Wilone O'Kielt,2,Accessory,Extreme
Kohl's,1189833,4/13/2021,West,California,Los Angeles,Men's Street Footwear,$32.00 ,240.0,7680.0,"$3,610 ",47%,Outlet,Gigi Bohling,13,Accessory,Regular
West Gear,1185732,4/24/2020,Southeast,Florida,Miami,Men's Apparel,$55.00 ,675.0,371250.0,"$129,938 ",35%,In-store,Kaine Padly,15,Rural,Youth
West Gear,1128299,2/9/2020,West,Nevada,Las Vegas,Women's Street Footwear,$65.00 ,550.0,357500.0,"$143,000 ",40%,In-store,Oby Sorrel,21,Rural,Select
Foot Locker,1197831,3/6/2021,West,Idaho,Boise,Men's Athletic Footwear,$36.00 ,169.0,6084.0,"$2,799 ",46%,Online,Ches Bonnell,20,Accessory,Regular
Amazon,1185732,11/14/2021,Northeast,Massachusetts,Boston,Men's Apparel,$50.00 ,78.0,3900.0,"$1,248 ",32%,Outlet,Marney O'Breen,5,Mix,Accessory
Amazon,1185732,11/14/2021,Northeast,Massachusetts,Boston,Women's Apparel,$64.00 ,98.0,6272.0,"$2,822 ",45%,Online,Gigi Bohling,8,Accessory,Accessory
West Gear,1128299,5/18/2021,South,Louisiana,New Orleans,Women's Street Footwear,$49.00 ,112.0,5488.0,"$2,799 ",51%,Online,Camilla Castle,10,Youth,Select
Sports Direct,1197831,11/5/2021,West,Idaho,Boise,Women's Apparel,$63.00 ,163.0,10269.0,"$6,880 ",67%,Online,Dotty Strutley,9,Mix,Productivity
Foot Locker,1185732,8/7/2021,Northeast,Rhode Island,Providence,Men's Athletic Footwear,$42.00 ,91.0,3822.0,"$1,796 ",47%,Online,Gunar Cockshoot,5,Urban,Youth
Sports Direct,1128299,8/13/2021,Southeast,Georgia,Atlanta,Women's Apparel,$70.00 ,425.0,297500.0,"$74,375 ",25%,Online,Roddy Speechley,20,Urban,All Season
Kohl's,1185732,2/12/2021,West,Wyoming,Cheyenne,Men's Apparel,$50.00 ,500.0,250000.0,"$75,000 ",30%,In-store,Gunar Cockshoot,10,Youth,Regular
West Gear,1128299,1/6/2020,West,Nevada,Las Vegas,Men's Apparel,$47.00 ,70.0,3290.0,"$2,139 ",65%,Online,Van Tuxwell,3,Accessory,Convenience
Foot Locker,1185732,4/7/2021,Northeast,Rhode Island,Providence,Women's Apparel,$33.00 ,50.0,1650.0,$858 ,52%,Online,Madelene Upcott,14,Mix,Accessory
Amazon,1185732,6/11/2021,Midwest,Ohio,Columbus,Women's Street Footwear,$50.00 ,525.0,262500.0,"$105,000 ",40%,Online,Kaine Padly,2,Youth,All Season
Sports Direct,1185732,4/4/2021,Northeast,Connecticut,Hartford,Women's Athletic Footwear,$35.00 ,125.0,43750.0,"$13,125 ",30%,In-store,Curtice Advani,19,Mix,Youth
West Gear,1128299,6/25/2020,West,Washington,Seattle,Men's Street Footwear,$71.00 ,195.0,13845.0,"$5,815 ",42%,Online,Mallorie Waber,10,Accessory,Convenience
Foot Locker,1185732,1/7/2020,Northeast,New York,New York,Men's Street Footwear,$46.00 ,313.0,14398.0,"$8,927 ",62%,Online,Gigi Bohling,3,Urban,Youth
West Gear,1185732,3/9/2021,Midwest,Indiana,Indianapolis,Men's Apparel,$32.00 ,44.0,1408.0,$605 ,43%,Online,Madelene Upcott,22,Mix,Select
West Gear,1128299,3/23/2021,West,Oregon,Portland,Women's Apparel,$49.00 ,87.0,4263.0,"$1,790 ",42%,Online,Rafaelita Blaksland,17,Mix,All Season
Sports Direct,1128299,11/13/2021,Southeast,Georgia,Atlanta,Men's Street Footwear,$36.00 ,173.0,6228.0,"$2,616 ",42%,Outlet,Brien Boise,6,Rural,Select
Kohl's,1185732,12/13/2021,Northeast,Delaware,Wilmington,Women's Street Footwear,$55.00 ,375.0,206250.0,"$82,500 ",40%,In-store,Marney O'Breen,19,Mix,All Season
Foot Locker,1185732,6/3/2021,Midwest,Nebraska,Omaha,Men's Athletic Footwear,$39.00 ,26.0,1014.0,$466 ,46%,Online,Ches Bonnell,18,Accessory,Moderation
Sports Direct,1197831,9/28/2021,South,Texas,Dallas,Men's Street Footwear,$53.00 ,181.0,9593.0,"$5,276 ",55%,Online,Gunar Cockshoot,5,Rural,Extreme
West Gear,1185732,6/17/2021,Northeast,West Virginia,Charleston,Men's Street Footwear,$43.00 ,150.0,6450.0,"$3,354 ",52%,Online,Husein Augar,1,Youth,Convenience
Sports Direct,1197831,8/23/2021,South,Alabama,Birmingham,Men's Apparel,$19.00 ,88.0,1672.0,$702 ,42%,Outlet,Roddy Speechley,7,Urban,Productivity
Foot Locker,1185732,11/12/2021,Northeast,Pennsylvania,Philadelphia,Women's Athletic Footwear,$42.00 ,20.0,840.0,$386 ,46%,Online,Gunar Cockshoot,1,Accessory,Productivity
Foot Locker,1185732,1/9/2021,Southeast,Georgia,Atlanta,Women's Apparel,$30.00 ,281.0,8430.0,"$4,468 ",53%,Outlet,Oby Sorrel,21,Mix,Extreme
Foot Locker,1185732,8/6/2021,Midwest,Illinois,Chicago,Men's Athletic Footwear,$46.00 ,75.0,3450.0,"$1,656 ",48%,Online,Dennison Crosswaite,3,Mix,Regular
West Gear,1128299,7/8/2020,West,Washington,Seattle,Men's Athletic Footwear,$77.00 ,210.0,16170.0,"$6,306 ",39%,Online,Jan Morforth,18,Mix,Extreme
Amazon,1185732,4/18/2021,Northeast,New Hampshire,Manchester,Men's Apparel,$57.00 ,53.0,3021.0,"$1,359 ",45%,Online,Gigi Bohling,4,Accessory,Productivity
Foot Locker,1185732,9/13/2021,Northeast,Delaware,Wilmington,Women's Apparel,$60.00 ,300.0,180000.0,"$72,000 ",40%,In-store,Camilla Castle,8,Mix,Productivity
Sports Direct,1185732,8/21/2021,Northeast,Maryland,Baltimore,Women's Apparel,$55.00 ,300.0,165000.0,"$49,500 ",30%,In-store,Gigi Bohling,3,Urban,Extreme
Foot Locker,1185732,1/9/2021,Southeast,Georgia,Atlanta,Men's Apparel,$50.00 ,725.0,362500.0,"$126,875 ",35%,Online,Kaine Padly,7,Youth,Accessory
Foot Locker,1185732,6/7/2021,Southeast,South Carolina,Charleston,Men's Apparel,$62.00 ,195.0,12090.0,"$5,441 ",45%,Online,Andria Kimpton,19,Urban,Youth
Foot Locker,1185732,1/12/2021,Midwest,Kansas,Wichita,Women's Apparel,$40.00 ,275.0,110000.0,"$44,000 ",40%,Online,Dotty Strutley,22,Urban,Convenience
Foot Locker,1185732,7/13/2021,Northeast,Delaware,Wilmington,Men's Street Footwear,$55.00 ,675.0,371250.0,"$129,938 ",35%,In-store,Rafaelita Blaksland,20,Urban,All Season
Amazon,1185732,2/19/2021,Northeast,Vermont,Burlington,Men's Street Footwear,$49.00 ,180.0,8820.0,"$4,675 ",53%,Online,Husein Augar,18,Rural,Moderation
Walmart,1197831,3/19/2021,South,Arkansas,Little Rock,Women's Street Footwear,$10.00 ,88.0,880.0,$475 ,54%,Online,Kelci Walkden,1,Accessory,Moderation
Foot Locker,1197831,8/8/2021,West,Idaho,Boise,Men's Street Footwear,$46.00 ,210.0,9660.0,"$5,313 ",55%,Online,Jehu Rudeforth,11,Urban,Extreme
West Gear,1185732,3/9/2021,Midwest,Indiana,Indianapolis,Men's Athletic Footwear,$25.00 ,225.0,56250.0,"$22,500 ",40%,In-store,Jehu Rudeforth,3,Rural,Productivity
Foot Locker,1185732,3/13/2021,Northeast,Delaware,Wilmington,Men's Athletic Footwear,$39.00 ,68.0,2652.0,"$1,193 ",45%,Online,Rafaelita Blaksland,16,Mix,Youth
West Gear,1128299,3/23/2021,West,Oregon,Portland,Women's Apparel,$50.00 ,300.0,150000.0,"$45,000 ",30%,In-store,Husein Augar,6,Rural,All Season
Foot Locker,1185732,7/13/2021,Midwest,Illinois,Chicago,Men's Athletic Footwear,$41.00 ,94.0,3854.0,"$1,773 ",46%,Online,Husein Augar,21,Youth,Moderation
West Gear,1128299,5/18/2021,South,Louisiana,New Orleans,Men's Street Footwear,$43.00 ,160.0,6880.0,"$3,646 ",53%,Online,Marney O'Breen,22,Urban,Extreme
Sports Direct,1185732,9/27/2020,Southeast,Florida,Miami,Men's Apparel,$50.00 ,210.0,10500.0,"$5,250 ",50%,Online,Dennison Crosswaite,5,Accessory,Extreme
Kohl's,1185732,5/10/2021,West,Wyoming,Cheyenne,Men's Apparel,$45.00 ,133.0,5985.0,"$2,514 ",42%,Online,Dennison Crosswaite,9,Urban,Productivity
Foot Locker,1185732,6/7/2021,Southeast,South Carolina,Charleston,Women's Street Footwear,$47.00 ,209.0,9823.0,"$3,536 ",36%,Online,Camilla Castle,19,Rural,Moderation
Walmart,1128299,10/10/2021,West,Hawaii,Honolulu,Women's Apparel,$70.00 ,300.0,210000.0,"$84,000 ",40%,Outlet,Mallorie Waber,18,Rural,Convenience
West Gear,1185732,12/10/2021,West,Utah,Salt Lake City,Men's Street Footwear,$29.00 ,231.0,6699.0,"$3,082 ",46%,Outlet,Marney O'Breen,3,Urban,Convenience
Walmart,1128299,8/10/2021,West,Hawaii,Honolulu,Men's Apparel,$69.00 ,147.0,10143.0,"$2,739 ",27%,Online,Beverie Moffet,4,Rural,Accessory
Foot Locker,1185732,10/5/2021,Northeast,Connecticut,Hartford,Women's Apparel,$63.00 ,74.0,4662.0,"$2,331 ",50%,Online,Andria Kimpton,4,Urban,Productivity
Sports Direct,1197831,3/24/2021,South,Tennessee,Knoxville,Women's Street Footwear,$28.00 ,124.0,3472.0,"$1,910 ",55%,Online,Wilone O'Kielt,10,Youth,Extreme
West Gear,1128299,3/18/2020,West,Nevada,Las Vegas,Women's Athletic Footwear,$38.00 ,72.0,2736.0,"$1,231 ",45%,Online,Curtice Advani,19,Urban,All Season
Sports Direct,1197831,8/22/2021,South,Alabama,Birmingham,Women's Athletic Footwear,$15.00 ,116.0,1740.0,"$1,044 ",60%,Outlet,Dennison Crosswaite,5,Mix,Accessory
Kohl's,1189833,3/19/2021,West,California,Los Angeles,Men's Street Footwear,$32.00 ,216.0,6912.0,"$3,456 ",50%,Online,Jan Morforth,1,Accessory,All Season
West Gear,1128299,1/8/2020,West,Nevada,Las Vegas,Men's Street Footwear,$34.00 ,158.0,5372.0,"$2,686 ",50%,Online,Rafaelita Blaksland,20,Urban,Regular
West Gear,1128299,3/23/2021,West,Oregon,Portland,Women's Street Footwear,$55.00 ,350.0,192500.0,"$67,375 ",35%,In-store,Ches Bonnell,11,Youth,Youth
West Gear,1185732,1/3/2021,Midwest,Iowa,Des Moines,Women's Athletic Footwear,$25.00 ,100.0,25000.0,"$7,500 ",30%,In-store,Wilone O'Kielt,10,Youth,Accessory
Sports Direct,1185732,6/15/2021,Northeast,Massachusetts,Boston,Women's Apparel,$60.00 ,375.0,225000.0,"$67,500 ",30%,In-store,Barr Faughny,2,Rural,Moderation
West Gear,1185732,10/3/2021,Midwest,Wisconsin,Milwaukee,Women's Street Footwear,$35.00 ,125.0,43750.0,"$13,125 ",30%,In-store,Karlen McCaffrey,9,Accessory,Select
Kohl's,1185732,1/10/2021,Northeast,Delaware,Wilmington,Men's Athletic Footwear,$35.00 ,275.0,96250.0,"$33,688 ",35%,In-store,Wilone O'Kielt,15,Accessory,Youth
Walmart,1197831,6/21/2021,South,Arkansas,Little Rock,Women's Athletic Footwear,$40.00 ,375.0,150000.0,"$60,000 ",40%,Online,Roddy Speechley,3,Accessory,Select
Foot Locker,1185732,3/17/2020,Northeast,New York,New York,Men's Athletic Footwear,$53.00 ,308.0,16324.0,"$6,693 ",41%,Online,Van Tuxwell,22,Youth,Productivity
Foot Locker,1185732,9/7/2021,Midwest,Iowa,Des Moines,Men's Athletic Footwear,$27.00 ,77.0,2079.0,$977 ,47%,Online,Gigi Bohling,10,Urban,Moderation
Foot Locker,1185732,11/4/2021,Northeast,Connecticut,Hartford,Women's Athletic Footwear,$55.00 ,275.0,151250.0,"$45,375 ",30%,In-store,Kelci Walkden,1,Youth,Youth
West Gear,1128299,3/16/2021,South,Louisiana,New Orleans,Women's Athletic Footwear,$43.00 ,96.0,4128.0,"$1,775 ",43%,Outlet,Barr Faughny,17,Mix,Moderation
Foot Locker,1128299,7/9/2021,West,Hawaii,Honolulu,Men's Athletic Footwear,$81.00 ,182.0,14742.0,"$5,012 ",34%,Online,Brien Boise,12,Accessory,Convenience
Kohl's,1185732,11/14/2021,Northeast,Delaware,Wilmington,Women's Athletic Footwear,$55.00 ,300.0,165000.0,"$66,000 ",40%,In-store,Dotty Strutley,17,Accessory,Regular
West Gear,1128299,11/17/2021,South,Louisiana,New Orleans,Women's Apparel,$81.00 ,174.0,14094.0,"$6,765 ",48%,Online,Barr Faughny,10,Youth,Regular
Kohl's,1128299,6/26/2021,West,New Mexico,Albuquerque,Men's Athletic Footwear,$47.00 ,187.0,8789.0,"$3,779 ",43%,Outlet,Jehu Rudeforth,6,Accessory,Accessory
Walmart,1185732,4/23/2020,Northeast,New York,New York,Men's Apparel,$44.00 ,315.0,13860.0,"$5,128 ",37%,Outlet,Ches Bonnell,11,Rural,Convenience
Foot Locker,1197831,1/5/2021,South,Louisiana,New Orleans,Men's Athletic Footwear,$30.00 ,675.0,202500.0,"$60,750 ",30%,Online,Van Tuxwell,4,Rural,Productivity
Sports Direct,1185732,10/6/2020,Southeast,Florida,Miami,Men's Athletic Footwear,$49.00 ,224.0,10976.0,"$5,268 ",48%,Online,Mallorie Waber,14,Accessory,Accessory
Sports Direct,1197831,7/29/2020,South,Texas,Houston,Men's Apparel,$28.00 ,160.0,4480.0,"$1,478 ",33%,Outlet,Beverie Moffet,9,Urban,All Season
West Gear,1128299,12/16/2021,Southeast,Florida,Orlando,Men's Apparel,$90.00 ,525.0,472500.0,"$94,500 ",20%,In-store,Andria Kimpton,16,Youth,Productivity
Foot Locker,1128299,12/23/2021,Southeast,Virginia,Richmond,Men's Athletic Footwear,$75.00 ,750.0,562500.0,"$196,875 ",35%,In-store,Roddy Speechley,6,Mix,Youth
West Gear,1185732,8/3/2021,Midwest,Wisconsin,Milwaukee,Men's Apparel,$50.00 ,175.0,87500.0,"$43,750 ",50%,In-store,Husein Augar,4,Youth,Convenience
West Gear,1185732,9/8/2021,Northeast,New York,Albany,Men's Apparel,$55.00 ,525.0,288750.0,"$101,063 ",35%,In-store,Curtice Advani,12,Mix,Convenience
Sports Direct,1185732,2/5/2021,Northeast,New Jersey,Newark,Men's Athletic Footwear,$37.00 ,54.0,1998.0,$999 ,50%,Online,Ches Bonnell,2,Mix,Youth
Foot Locker,1197831,3/6/2021,West,Idaho,Boise,Women's Street Footwear,$28.00 ,113.0,3164.0,"$1,550 ",49%,Online,Brien Boise,15,Rural,All Season
Amazon,1185732,10/17/2021,Northeast,Maine,Portland,Women's Apparel,$40.00 ,250.0,100000.0,"$40,000 ",40%,Outlet,Dennison Crosswaite,14,Accessory,Select
West Gear,1128299,1/2/2020,Northeast,Pennsylvania,Philadelphia,Men's Street Footwear,$27.00 ,158.0,4266.0,"$1,792 ",42%,Outlet,Beverie Moffet,16,Urban,All Season
West Gear,1185732,4/9/2021,Northeast,New York,Albany,Men's Street Footwear,$42.00 ,248.0,10416.0,"$5,833 ",56%,Online,Gigi Bohling,9,Mix,All Season
Sports Direct,1185732,3/13/2021,Northeast,Massachusetts,Boston,Women's Apparel,$40.00 ,200.0,80000.0,"$24,000 ",30%,In-store,Brien Boise,4,Rural,Extreme
West Gear,1197831,3/19/2021,South,Oklahoma,Oklahoma City,Men's Athletic Footwear,$15.00 ,78.0,1170.0,$480 ,41%,Outlet,Andria Kimpton,16,Youth,Extreme
Sports Direct,1185732,9/13/2021,Northeast,Massachusetts,Boston,Women's Street Footwear,$30.00 ,47.0,1410.0,$423 ,30%,Outlet,Roddy Speechley,2,Mix,Convenience
West Gear,1185732,4/17/2021,Northeast,West Virginia,Charleston,Women's Street Footwear,$20.00 ,250.0,50000.0,"$20,000 ",40%,In-store,Madelene Upcott,22,Accessory,Select
Sports Direct,1128299,11/13/2021,Southeast,Georgia,Atlanta,Women's Athletic Footwear,$55.00 ,400.0,220000.0,"$88,000 ",40%,Online,Andria Kimpton,8,Rural,Convenience
West Gear,1128299,4/17/2020,West,Colorado,Denver,Women's Athletic Footwear,$65.00 ,450.0,292500.0,"$131,625 ",45%,In-store,Rafaelita Blaksland,15,Mix,Productivity
Walmart,1128299,11/10/2021,West,Hawaii,Honolulu,Men's Apparel,$83.00 ,113.0,9379.0,"$2,814 ",30%,Online,Rafaelita Blaksland,7,Rural,Productivity
Sports Direct,1197831,3/19/2021,South,Tennessee,Knoxville,Women's Athletic Footwear,$33.00 ,108.0,3564.0,"$2,138 ",60%,Online,Madelene Upcott,12,Accessory,Select
Foot Locker,1128299,8/23/2021,West,Arizona,Phoenix,Women's Athletic Footwear,$55.00 ,400.0,220000.0,"$77,000 ",35%,Online,Husein Augar,7,Rural,Youth
Walmart,1197831,6/21/2021,South,Arkansas,Little Rock,Men's Apparel,$55.00 ,375.0,206250.0,"$72,188 ",35%,Online,Kelci Walkden,17,Rural,Youth
Sports Direct,1128299,1/13/2021,West,New Mexico,Albuquerque,Women's Street Footwear,$40.00 ,450.0,180000.0,"$63,000 ",35%,Online,Husein Augar,15,Mix,Accessory
Amazon,1185732,11/18/2021,Northeast,Maine,Portland,Men's Street Footwear,$62.00 ,98.0,6076.0,"$2,977 ",49%,Online,Gigi Bohling,13,Youth,Convenience
West Gear,1197831,6/21/2021,South,Oklahoma,Oklahoma City,Men's Athletic Footwear,$35.00 ,350.0,122500.0,"$42,875 ",35%,Online,Kelci Walkden,21,Urban,Productivity
Amazon,1185732,5/9/2021,Midwest,Ohio,Columbus,Men's Apparel,$49.00 ,126.0,6174.0,"$2,840 ",46%,Online,Jehu Rudeforth,21,Youth,Regular
Sports Direct,1197831,3/12/2021,Midwest,Montana,Billings,Women's Street Footwear,$27.00 ,130.0,3510.0,"$1,580 ",45%,Online,Brien Boise,19,Urban,Select
Walmart,1128299,12/16/2021,Southeast,Florida,Orlando,Men's Athletic Footwear,$85.00 ,800.0,680000.0,"$170,000 ",25%,In-store,Gunar Cockshoot,2,Urban,Extreme
Foot Locker,1185732,12/29/2021,Northeast,Pennsylvania,Philadelphia,Women's Street Footwear,$60.00 ,225.0,135000.0,"$54,000 ",40%,Outlet,Oby Sorrel,17,Youth,Productivity
Foot Locker,1185732,2/12/2021,Midwest,South Dakota,Sioux Falls,Women's Athletic Footwear,$35.00 ,100.0,35000.0,"$10,500 ",30%,Online,Curtice Advani,7,Mix,Select
Foot Locker,1185732,10/18/2021,Midwest,Missouri,St. Louis,Women's Apparel,$38.00 ,88.0,3344.0,"$2,140 ",64%,Online,Andria Kimpton,10,Mix,Accessory
West Gear,1185732,9/17/2020,Southeast,Florida,Miami,Men's Street Footwear,$65.00 ,1125.0,731250.0,"$329,063 ",45%,In-store,Roddy Speechley,1,Rural,Extreme
Kohl's,1185732,1/14/2021,Northeast,New York,Albany,Women's Apparel,$38.00 ,156.0,5928.0,"$2,371 ",40%,Online,Van Tuxwell,17,Mix,Convenience
Amazon,1185732,11/18/2021,Northeast,Maine,Portland,Men's Athletic Footwear,$52.00 ,52.0,2704.0,"$1,352 ",50%,Online,Curtice Advani,21,Urban,All Season
Foot Locker,1185732,6/8/2021,Midwest,Nebraska,Omaha,Men's Street Footwear,$40.00 ,375.0,150000.0,"$60,000 ",40%,Outlet,Dotty Strutley,1,Accessory,Regular
Foot Locker,1185732,10/8/2021,Northeast,Rhode Island,Providence,Men's Athletic Footwear,$38.00 ,68.0,2584.0,$982 ,38%,Outlet,Dotty Strutley,2,Rural,Regular
West Gear,1197831,6/4/2021,West,Idaho,Boise,Women's Athletic Footwear,$48.00 ,143.0,6864.0,"$4,050 ",59%,Online,Van Tuxwell,18,Mix,Youth
Amazon,1185732,9/20/2021,West,Alaska,Anchorage,Men's Athletic Footwear,$55.00 ,91.0,5005.0,"$2,402 ",48%,Online,Curtice Advani,3,Mix,All Season
Foot Locker,1185732,7/13/2021,Midwest,Nebraska,Omaha,Women's Apparel,$35.00 ,150.0,52500.0,"$26,250 ",50%,Outlet,Jehu Rudeforth,12,Rural,Accessory
Sports Direct,1197831,8/9/2020,South,Texas,Houston,Women's Athletic Footwear,$28.00 ,213.0,5964.0,"$2,863 ",48%,Outlet,Barr Faughny,16,Mix,All Season
Foot Locker,1185732,11/16/2020,Midwest,Minnesota,Minneapolis,Men's Street Footwear,$44.00 ,106.0,4664.0,"$2,285 ",49%,Online,Jan Morforth,2,Accessory,Youth
Foot Locker,1185732,6/7/2021,Southeast,South Carolina,Charleston,Men's Athletic Footwear,$49.00 ,200.0,9800.0,"$4,410 ",45%,Online,Oby Sorrel,14,Youth,Youth
West Gear,1128299,1/17/2021,West,Oregon,Portland,Men's Apparel,$33.00 ,68.0,2244.0,"$1,144 ",51%,Outlet,Mallorie Waber,22,Urban,All Season
West Gear,1185732,6/11/2021,West,Utah,Salt Lake City,Men's Athletic Footwear,$24.00 ,112.0,2688.0,"$1,317 ",49%,Online,Ches Bonnell,15,Mix,Extreme
Amazon,1185732,12/2/2021,Southeast,North Carolina,Charlotte,Women's Street Footwear,$55.00 ,218.0,11990.0,"$6,115 ",51%,Online,Jan Morforth,12,Urban,Productivity
Foot Locker,1185732,9/7/2021,Midwest,Iowa,Des Moines,Men's Athletic Footwear,$30.00 ,275.0,82500.0,"$28,875 ",35%,In-store,Mallorie Waber,22,Rural,Productivity
West Gear,1185732,8/9/2021,Northeast,New York,Albany,Men's Street Footwear,$62.00 ,250.0,15500.0,"$8,680 ",56%,Online,Oby Sorrel,4,Mix,Extreme
West Gear,1128299,11/3/2020,South,Texas,Houston,Women's Street Footwear,$33.00 ,271.0,8943.0,"$3,756 ",42%,Outlet,Karlen McCaffrey,10,Mix,Convenience
West Gear,1185732,9/8/2021,Northeast,New York,Albany,Women's Street Footwear,$41.00 ,138.0,5658.0,"$1,980 ",35%,Online,Roddy Speechley,20,Rural,Youth
West Gear,1128299,2/24/2021,West,Utah,Salt Lake City,Men's Athletic Footwear,$39.00 ,91.0,3549.0,"$1,704 ",48%,Online,Curtice Advani,8,Youth,All Season
Foot Locker,1185732,8/14/2020,Southeast,Florida,Miami,Women's Street Footwear,$35.00 ,800.0,280000.0,"$70,000 ",25%,In-store,Kaine Padly,22,Accessory,Moderation
West Gear,1197831,2/21/2021,South,Arkansas,Little Rock,Men's Street Footwear,$24.00 ,169.0,4056.0,"$2,109 ",52%,Online,Mallorie Waber,1,Mix,Youth
Foot Locker,1185732,6/18/2021,Midwest,Nebraska,Omaha,Men's Apparel,$46.00 ,13.0,598.0,$275 ,46%,Online,Beverie Moffet,18,Youth,Youth
Amazon,1185732,11/19/2021,Northeast,Maine,Portland,Women's Street Footwear,$43.00 ,63.0,2709.0,"$1,490 ",55%,Online,Oby Sorrel,22,Rural,Convenience
Sports Direct,1197831,9/21/2021,South,Alabama,Birmingham,Women's Athletic Footwear,$60.00 ,350.0,210000.0,"$126,000 ",60%,Outlet,Roddy Speechley,19,Mix,Productivity
Walmart,1128299,6/17/2021,Southeast,Florida,Orlando,Women's Apparel,$74.00 ,248.0,18352.0,"$8,625 ",47%,Outlet,Gunar Cockshoot,12,Urban,Productivity
Walmart,1128299,11/17/2021,Southeast,Florida,Orlando,Women's Athletic Footwear,$47.00 ,170.0,7990.0,"$2,717 ",34%,Outlet,Brien Boise,6,Urban,Moderation
West Gear,1185732,4/24/2020,Southeast,Florida,Miami,Women's Street Footwear,$47.00 ,188.0,8836.0,"$3,269 ",37%,Online,Karlen McCaffrey,12,Mix,Productivity
West Gear,1128299,5/25/2021,West,Oregon,Portland,Men's Athletic Footwear,$36.00 ,109.0,3924.0,"$1,570 ",40%,Outlet,Rafaelita Blaksland,14,Rural,Regular
Foot Locker,1197831,12/12/2021,Midwest,Kansas,Wichita,Women's Apparel,$75.00 ,400.0,300000.0,"$105,000 ",35%,Online,Marney O'Breen,12,Youth,Accessory
Foot Locker,1185732,11/29/2021,Northeast,Pennsylvania,Philadelphia,Women's Street Footwear,$51.00 ,59.0,3009.0,"$1,505 ",50%,Online,Wilone O'Kielt,15,Rural,Productivity
West Gear,1128299,11/10/2020,West,California,San Francisco,Women's Athletic Footwear,$50.00 ,575.0,287500.0,"$86,250 ",30%,Outlet,Dotty Strutley,7,Mix,Youth
Sports Direct,1197831,8/26/2021,South,Alabama,Birmingham,Men's Athletic Footwear,$19.00 ,189.0,3591.0,"$2,119 ",59%,Online,Rafaelita Blaksland,15,Rural,Productivity
West Gear,1185732,11/11/2021,West,Utah,Salt Lake City,Men's Street Footwear,$22.00 ,165.0,3630.0,"$1,561 ",43%,Outlet,Andria Kimpton,10,Youth,All Season
Sports Direct,1185732,4/4/2021,Northeast,Connecticut,Hartford,Men's Athletic Footwear,$40.00 ,200.0,80000.0,"$32,000 ",40%,In-store,Brien Boise,14,Rural,Youth
Amazon,1185732,3/10/2021,Northeast,Vermont,Burlington,Men's Street Footwear,$44.00 ,142.0,6248.0,"$3,749 ",60%,Online,Wilone O'Kielt,9,Youth,Select
West Gear,1128299,5/25/2021,West,Oregon,Portland,Men's Apparel,$45.00 ,175.0,78750.0,"$31,500 ",40%,In-store,Wilone O'Kielt,13,Urban,Extreme
Foot Locker,1185732,9/6/2021,Northeast,Rhode Island,Providence,Men's Athletic Footwear,$43.00 ,56.0,2408.0,"$1,156 ",48%,Online,Karlen McCaffrey,10,Accessory,Accessory
West Gear,1185732,10/11/2021,West,Utah,Salt Lake City,Men's Street Footwear,$28.00 ,173.0,4844.0,"$2,470 ",51%,Online,Roddy Speechley,5,Urban,Regular
Amazon,1185732,5/23/2021,Southeast,Kentucky,Louisville,Women's Apparel,$55.00 ,275.0,151250.0,"$60,500 ",40%,Online,Jan Morforth,20,Rural,Regular
West Gear,1185732,3/16/2021,Northeast,West Virginia,Charleston,Women's Street Footwear,$20.00 ,325.0,65000.0,"$26,000 ",40%,In-store,Dotty Strutley,17,Urban,Extreme
Foot Locker,1185732,7/3/2021,Midwest,Illinois,Chicago,Women's Athletic Footwear,$38.00 ,47.0,1786.0,$947 ,53%,Online,Rafaelita Blaksland,5,Accessory,Accessory
Foot Locker,1185732,1/20/2021,Southeast,Kentucky,Louisville,Women's Apparel,$29.00 ,158.0,4582.0,"$2,841 ",62%,Online,Gunar Cockshoot,5,Urban,Productivity
West Gear,1185732,7/8/2021,Northeast,New York,Albany,Women's Apparel,$66.00 ,194.0,12804.0,"$8,323 ",65%,Online,Wilone O'Kielt,7,Youth,Regular
Sports Direct,1128299,5/14/2021,Southeast,Georgia,Atlanta,Women's Street Footwear,$52.00 ,123.0,6396.0,"$3,198 ",50%,Online,Barr Faughny,5,Rural,Moderation
Amazon,1185732,12/17/2021,Northeast,Maine,Portland,Men's Apparel,$60.00 ,54.0,3240.0,"$1,166 ",36%,Online,Dennison Crosswaite,4,Rural,Productivity
Foot Locker,1185732,5/6/2021,Northeast,Rhode Island,Providence,Women's Athletic Footwear,$39.00 ,44.0,1716.0,$892 ,52%,Online,Van Tuxwell,21,Rural,All Season
West Gear,1128299,1/10/2021,West,California,San Francisco,Men's Apparel,$62.00 ,155.0,9610.0,"$6,343 ",66%,Online,Husein Augar,10,Youth,Regular
Kohl's,1128299,4/26/2021,West,New Mexico,Albuquerque,Men's Athletic Footwear,$59.00 ,98.0,5782.0,"$2,891 ",50%,Online,Barr Faughny,8,Mix,Select
Foot Locker,1185732,12/17/2021,Northeast,New Hampshire,Manchester,Men's Apparel,$50.00 ,123.0,6150.0,"$2,276 ",37%,Outlet,Ches Bonnell,6,Mix,Moderation
West Gear,1128299,2/21/2020,West,Nevada,Las Vegas,Women's Street Footwear,$60.00 ,450.0,270000.0,"$94,500 ",35%,In-store,Camilla Castle,14,Accessory,Productivity
Amazon,1185732,12/10/2021,Northeast,Vermont,Burlington,Men's Athletic Footwear,$55.00 ,100.0,5500.0,"$3,025 ",55%,Online,Wilone O'Kielt,13,Urban,Convenience
Kohl's,1197831,10/14/2021,Midwest,Kansas,Wichita,Women's Street Footwear,$19.00 ,60.0,1140.0,$536 ,47%,Online,Marney O'Breen,7,Mix,Moderation
Sports Direct,1185732,5/3/2021,Northeast,Connecticut,Hartford,Women's Apparel,$55.00 ,113.0,6215.0,"$3,045 ",49%,Online,Dennison Crosswaite,6,Rural,All Season
Foot Locker,1185732,1/30/2020,Northeast,New York,New York,Women's Apparel,$50.00 ,950.0,475000.0,"$118,750 ",25%,Outlet,Marney O'Breen,5,Mix,Productivity
Foot Locker,1185732,2/7/2021,Southeast,Georgia,Atlanta,Men's Athletic Footwear,$27.00 ,247.0,6669.0,"$2,534 ",38%,Outlet,Rafaelita Blaksland,12,Rural,Regular
Kohl's,1197831,12/19/2021,South,Oklahoma,Oklahoma City,Men's Apparel,$55.00 ,98.0,5390.0,"$2,156 ",40%,Outlet,Andria Kimpton,2,Accessory,Moderation
Foot Locker,1185732,2/3/2020,Northeast,New York,New York,Women's Athletic Footwear,$31.00 ,289.0,8959.0,"$3,315 ",37%,Outlet,Karlen McCaffrey,12,Mix,Regular
Foot Locker,1185732,12/31/2021,Northeast,Pennsylvania,Philadelphia,Men's Apparel,$63.00 ,47.0,2961.0,"$1,362 ",46%,Online,Mallorie Waber,1,Rural,Moderation
West Gear,1185732,12/10/2021,West,Utah,Salt Lake City,Men's Athletic Footwear,$28.00 ,145.0,4060.0,"$1,989 ",49%,Online,Ches Bonnell,10,Youth,Moderation
West Gear,1128299,2/4/2020,West,Nevada,Las Vegas,Women's Athletic Footwear,$60.00 ,425.0,255000.0,"$102,000 ",40%,Outlet,Dennison Crosswaite,16,Accessory,Productivity
Walmart,1197831,10/24/2020,South,Texas,Houston,Men's Apparel,$45.00 ,650.0,292500.0,"$87,750 ",30%,Outlet,Rafaelita Blaksland,20,Accessory,Accessory
West Gear,1128299,4/13/2020,West,Colorado,Denver,Women's Apparel,$74.00 ,133.0,9842.0,"$4,232 ",43%,Online,Van Tuxwell,10,Urban,Accessory
West Gear,1185732,11/3/2021,Midwest,Wisconsin,Milwaukee,Men's Apparel,$58.00 ,56.0,3248.0,"$2,014 ",62%,Online,Kaine Padly,19,Mix,Youth
Foot Locker,1185732,6/21/2021,Midwest,Nebraska,Omaha,Men's Athletic Footwear,$32.00 ,45.0,1440.0,$720 ,50%,Online,Barr Faughny,6,Rural,Moderation
Amazon,1185732,9/17/2021,Northeast,New Hampshire,Manchester,Women's Apparel,$68.00 ,98.0,6664.0,"$3,065 ",46%,Online,Barr Faughny,9,Rural,Select
Sports Direct,1197831,8/20/2021,South,Alabama,Birmingham,Men's Athletic Footwear,$20.00 ,650.0,130000.0,"$58,500 ",45%,Outlet,Madelene Upcott,4,Youth,Youth
West Gear,1128299,2/9/2021,West,California,San Francisco,Men's Apparel,$63.00 ,163.0,10269.0,"$5,853 ",57%,Online,Dotty Strutley,12,Youth,Convenience
West Gear,1185732,9/18/2021,Northeast,West Virginia,Charleston,Men's Street Footwear,$35.00 ,550.0,192500.0,"$77,000 ",40%,In-store,Dennison Crosswaite,7,Youth,Regular
Foot Locker,1128299,9/25/2021,Southeast,Virginia,Richmond,Women's Apparel,$42.00 ,70.0,2940.0,"$1,264 ",43%,Online,Marney O'Breen,19,Accessory,Productivity
Sports Direct,1185732,2/5/2021,Northeast,New Jersey,Newark,Men's Athletic Footwear,$40.00 ,200.0,80000.0,"$32,000 ",40%,In-store,Beverie Moffet,17,Mix,Convenience
Foot Locker,1185732,1/6/2021,Midwest,North Dakota,Fargo,Women's Athletic Footwear,$25.00 ,100.0,25000.0,"$7,500 ",30%,In-store,Oby Sorrel,6,Accessory,Convenience
West Gear,1128299,1/4/2021,West,California,San Francisco,Men's Apparel,$65.00 ,550.0,357500.0,"$196,625 ",55%,Outlet,Van Tuxwell,13,Mix,Accessory
Kohl's,1185732,12/10/2021,West,Wyoming,Cheyenne,Men's Street Footwear,$52.00 ,224.0,11648.0,"$7,105 ",61%,Online,Van Tuxwell,12,Accessory,Youth
Walmart,1197831,10/21/2021,South,Arkansas,Little Rock,Men's Apparel,$21.00 ,91.0,1911.0,$707 ,37%,Outlet,Jan Morforth,15,Mix,Productivity
Sports Direct,1185732,1/17/2021,Northeast,Rhode Island,Providence,Men's Athletic Footwear,$38.00 ,68.0,2584.0,"$1,137 ",44%,Online,Marney O'Breen,12,Urban,Regular
Sports Direct,1185732,6/5/2021,Northeast,Connecticut,Hartford,Men's Athletic Footwear,$38.00 ,124.0,4712.0,"$2,215 ",47%,Outlet,Brien Boise,16,Accessory,Regular
West Gear,1185732,8/11/2021,West,Utah,Salt Lake City,Women's Apparel,$27.00 ,184.0,4968.0,"$2,832 ",57%,Outlet,Karlen McCaffrey,5,Accessory,All Season
Foot Locker,1185732,3/11/2021,Midwest,South Dakota,Sioux Falls,Women's Street Footwear,$30.00 ,225.0,67500.0,"$20,250 ",30%,Online,Marney O'Breen,3,Rural,Convenience
Foot Locker,1185732,10/6/2021,Midwest,Iowa,Des Moines,Men's Street Footwear,$43.00 ,112.0,4816.0,"$1,975 ",41%,Online,Husein Augar,13,Urban,Accessory
Foot Locker,1185732,2/7/2021,Southeast,Georgia,Atlanta,Men's Street Footwear,$40.00 ,1075.0,430000.0,"$193,500 ",45%,Online,Brien Boise,13,Youth,Regular
West Gear,1128299,5/26/2020,West,Colorado,Denver,Men's Street Footwear,$36.00 ,117.0,4212.0,"$1,727 ",41%,Online,Wilone O'Kielt,6,Accessory,Accessory
West Gear,1128299,5/25/2021,West,Oregon,Portland,Men's Athletic Footwear,$55.00 ,350.0,192500.0,"$67,375 ",35%,In-store,Dotty Strutley,14,Rural,Accessory
Amazon,1185732,12/9/2021,Midwest,Ohio,Columbus,Men's Athletic Footwear,$60.00 ,181.0,10860.0,"$5,104 ",47%,Online,Mallorie Waber,16,Youth,Accessory
Sports Direct,1197831,1/23/2021,South,Mississippi,Jackson,Men's Street Footwear,$17.00 ,215.0,3655.0,"$1,608 ",44%,Outlet,Curtice Advani,11,Mix,Youth
Foot Locker,1185732,8/8/2020,West,Washington,Seattle,Women's Street Footwear,$35.00 ,850.0,297500.0,"$74,375 ",25%,In-store,Gigi Bohling,5,Urban,Accessory
Foot Locker,1197831,11/13/2021,Midwest,Kansas,Wichita,Women's Athletic Footwear,$55.00 ,275.0,151250.0,"$52,938 ",35%,Online,Kelci Walkden,22,Mix,Extreme
Sports Direct,1185732,8/21/2021,Northeast,Maryland,Baltimore,Women's Apparel,$53.00 ,81.0,4293.0,"$1,846 ",43%,Online,Jan Morforth,14,Accessory,Productivity
Foot Locker,1128299,2/10/2021,West,Hawaii,Honolulu,Women's Apparel,$45.00 ,350.0,157500.0,"$63,000 ",40%,Outlet,Madelene Upcott,1,Mix,Productivity
West Gear,1197831,4/5/2021,West,Idaho,Boise,Men's Street Footwear,$20.00 ,650.0,130000.0,"$45,500 ",35%,Online,Brien Boise,12,Accessory,Extreme
Foot Locker,1185732,9/7/2021,Midwest,Iowa,Des Moines,Men's Street Footwear,$35.00 ,475.0,166250.0,"$49,875 ",30%,In-store,Camilla Castle,15,Mix,Youth
Foot Locker,1185732,6/12/2021,Midwest,South Dakota,Sioux Falls,Women's Street Footwear,$35.00 ,200.0,70000.0,"$21,000 ",30%,Online,Madelene Upcott,3,Urban,Moderation
Walmart,1197831,9/19/2021,South,Arkansas,Little Rock,Men's Apparel,$23.00 ,94.0,2162.0,"$1,081 ",50%,Online,Dennison Crosswaite,14,Youth,Accessory
Foot Locker,1185732,8/18/2021,Midwest,Missouri,St. Louis,Men's Athletic Footwear,$38.00 ,143.0,5434.0,"$2,500 ",46%,Online,Wilone O'Kielt,13,Youth,Moderation
Amazon,1185732,2/19/2021,Northeast,Vermont,Burlington,Men's Athletic Footwear,$37.00 ,85.0,3145.0,"$1,352 ",43%,Outlet,Mallorie Waber,22,Urban,Select
Kohl's,1189833,4/23/2021,West,California,Los Angeles,Men's Apparel,$39.00 ,165.0,6435.0,"$3,861 ",60%,Outlet,Gigi Bohling,3,Mix,Regular
Foot Locker,1128299,1/10/2021,West,Alaska,Anchorage,Men's Street Footwear,$35.00 ,375.0,131250.0,"$32,813 ",25%,Outlet,Van Tuxwell,2,Urban,Youth
Foot Locker,1128299,9/25/2021,Southeast,Virginia,Richmond,Women's Athletic Footwear,$50.00 ,200.0,100000.0,"$35,000 ",35%,In-store,Dotty Strutley,2,Rural,Youth
Foot Locker,1128299,12/16/2021,South,Louisiana,New Orleans,Men's Apparel,$82.00 ,131.0,10742.0,"$6,230 ",58%,Online,Rafaelita Blaksland,9,Rural,Convenience
Kohl's,1189833,1/11/2021,Midwest,Montana,Billings,Women's Street Footwear,$42.00 ,128.0,5376.0,"$3,064 ",57%,Online,Ches Bonnell,13,Urban,Productivity
West Gear,1185732,12/8/2021,Northeast,New York,Albany,Men's Athletic Footwear,$51.00 ,169.0,8619.0,"$4,310 ",50%,Online,Camilla Castle,2,Rural,Youth
West Gear,1128299,1/17/2021,West,Oregon,Portland,Women's Athletic Footwear,$34.00 ,78.0,2652.0,"$1,220 ",46%,Outlet,Kelci Walkden,12,Youth,Convenience
Amazon,1185732,11/5/2021,Northeast,Maine,Portland,Men's Street Footwear,$52.00 ,144.0,7488.0,"$3,370 ",45%,Online,Dennison Crosswaite,5,Urban,Youth
West Gear,1197831,11/20/2021,South,Arkansas,Little Rock,Men's Street Footwear,$25.00 ,550.0,137500.0,"$55,000 ",40%,Online,Jan Morforth,20,Accessory,Select
Foot Locker,1185732,11/4/2021,Northeast,Pennsylvania,Philadelphia,Men's Athletic Footwear,$33.00 ,53.0,1749.0,$647 ,37%,Outlet,Jehu Rudeforth,5,Urban,Youth
Sports Direct,1197831,1/23/2021,South,Mississippi,Jackson,Women's Apparel,$18.00 ,158.0,2844.0,"$1,223 ",43%,Outlet,Brien Boise,20,Mix,Convenience
Sports Direct,1185732,7/15/2021,Midwest,Michigan,Detroit,Men's Athletic Footwear,$55.00 ,650.0,357500.0,"$143,000 ",40%,In-store,Oby Sorrel,16,Accessory,All Season
Amazon,1185732,11/21/2021,West,Alaska,Anchorage,Women's Street Footwear,$59.00 ,93.0,5487.0,"$2,140 ",39%,Online,Camilla Castle,11,Mix,All Season
Walmart,1128299,8/17/2021,Southeast,Florida,Orlando,Men's Street Footwear,$68.00 ,255.0,17340.0,"$6,242 ",36%,Outlet,Kaine Padly,15,Urban,Convenience
West Gear,1197831,11/20/2021,South,Arkansas,Little Rock,Men's Apparel,$56.00 ,105.0,5880.0,"$2,411 ",41%,Outlet,Oby Sorrel,19,Urban,Convenience
Foot Locker,1185732,2/7/2021,Southeast,South Carolina,Charleston,Men's Apparel,$49.00 ,189.0,9261.0,"$4,353 ",47%,Online,Gigi Bohling,5,Accessory,Extreme
West Gear,1185732,3/10/2021,West,Utah,Salt Lake City,Women's Athletic Footwear,$20.00 ,75.0,1500.0,$630 ,42%,Outlet,Dotty Strutley,2,Accessory,Extreme
Foot Locker,1185732,11/12/2021,Northeast,Pennsylvania,Philadelphia,Women's Athletic Footwear,$45.00 ,75.0,33750.0,"$11,813 ",35%,Outlet,Rafaelita Blaksland,16,Mix,Select
Foot Locker,1185732,5/6/2021,Northeast,Rhode Island,Providence,Men's Athletic Footwear,$45.00 ,175.0,78750.0,"$27,563 ",35%,In-store,Oby Sorrel,13,Youth,Regular
West Gear,1128299,8/5/2020,West,Washington,Seattle,Women's Apparel,$95.00 ,575.0,546250.0,"$109,250 ",20%,In-store,Brien Boise,8,Rural,Moderation
Foot Locker,1185732,11/7/2020,Midwest,Minnesota,Minneapolis,Women's Athletic Footwear,$35.00 ,25.0,8750.0,"$3,063 ",35%,In-store,Barr Faughny,6,Urban,Regular
Sports Direct,1185732,11/17/2021,South,Mississippi,Jackson,Women's Athletic Footwear,$43.00 ,153.0,6579.0,"$2,895 ",44%,Outlet,Oby Sorrel,17,Rural,All Season
Foot Locker,1128299,11/23/2021,West,Arizona,Phoenix,Women's Street Footwear,$44.00 ,105.0,4620.0,"$2,125 ",46%,Online,Dennison Crosswaite,3,Accessory,Productivity
Foot Locker,1185732,11/8/2020,Midwest,Minnesota,Minneapolis,Men's Apparel,$50.00 ,50.0,25000.0,"$7,500 ",30%,In-store,Brien Boise,14,Youth,Youth
West Gear,1128299,1/13/2021,West,California,San Francisco,Men's Athletic Footwear,$49.00 ,263.0,12887.0,"$3,093 ",24%,Outlet,Husein Augar,8,Urban,Productivity
Sports Direct,1185732,9/2/2021,Southeast,North Carolina,Charlotte,Women's Apparel,$41.00 ,203.0,8323.0,"$5,077 ",61%,Online,Wilone O'Kielt,13,Rural,Accessory
West Gear,1128299,7/13/2020,West,Washington,Seattle,Men's Street Footwear,$64.00 ,156.0,9984.0,"$4,093 ",41%,Online,Mallorie Waber,14,Urban,All Season
Kohl's,1185732,11/14/2021,Northeast,Delaware,Wilmington,Women's Street Footwear,$55.00 ,320.0,176000.0,"$70,400 ",40%,In-store,Madelene Upcott,22,Youth,Convenience
Sports Direct,1128299,2/13/2021,West,New Mexico,Albuquerque,Men's Athletic Footwear,$37.00 ,112.0,4144.0,"$2,279 ",55%,Online,Madelene Upcott,15,Youth,Productivity
Kohl's,1128299,10/26/2021,West,New Mexico,Albuquerque,Men's Athletic Footwear,$50.00 ,149.0,7450.0,"$3,949 ",53%,Online,Marney O'Breen,2,Accessory,Select
West Gear,1185732,3/10/2021,West,Utah,Salt Lake City,Women's Street Footwear,$20.00 ,400.0,80000.0,"$28,000 ",35%,In-store,Gunar Cockshoot,9,Accessory,Accessory
Kohl's,1189833,4/26/2021,West,California,Los Angeles,Men's Athletic Footwear,$37.00 ,272.0,10064.0,"$2,919 ",29%,Outlet,Jan Morforth,18,Urban,Moderation
West Gear,1185732,8/9/2021,Northeast,New York,Albany,Men's Apparel,$55.00 ,550.0,302500.0,"$105,875 ",35%,In-store,Oby Sorrel,10,Urban,Select
West Gear,1128299,2/2/2020,West,Nevada,Las Vegas,Men's Athletic Footwear,$51.00 ,182.0,9282.0,"$3,342 ",36%,Outlet,Curtice Advani,7,Rural,Accessory
Kohl's,1128299,11/26/2021,West,New Mexico,Albuquerque,Men's Apparel,$54.00 ,131.0,7074.0,"$2,617 ",37%,Outlet,Roddy Speechley,20,Mix,Select
Walmart,1197831,7/19/2021,South,Arkansas,Little Rock,Women's Street Footwear,$32.00 ,140.0,4480.0,"$1,971 ",44%,Outlet,Oby Sorrel,5,Urban,Productivity
Sports Direct,1197831,3/13/2021,Midwest,Montana,Billings,Women's Athletic Footwear,$32.00 ,135.0,4320.0,"$2,462 ",57%,Online,Van Tuxwell,13,Urban,Productivity
Walmart,1128299,8/17/2021,Southeast,Florida,Orlando,Women's Apparel,$85.00 ,300.0,255000.0,"$114,750 ",45%,In-store,Gigi Bohling,9,Mix,Extreme
West Gear,1128299,7/3/2020,West,Washington,Seattle,Women's Street Footwear,$85.00 ,625.0,531250.0,"$132,813 ",25%,In-store,Van Tuxwell,4,Mix,All Season
Foot Locker,1185732,3/16/2021,South,Mississippi,Jackson,Women's Street Footwear,$11.00 ,136.0,1496.0,$703 ,47%,Outlet,Jehu Rudeforth,13,Accessory,Extreme
Foot Locker,1128299,5/25/2021,Southeast,Virginia,Richmond,Women's Apparel,$56.00 ,152.0,8512.0,"$3,660 ",43%,Online,Rafaelita Blaksland,17,Accessory,Accessory
West Gear,1185732,11/9/2021,Northeast,New York,Albany,Men's Street Footwear,$56.00 ,217.0,12152.0,"$6,684 ",55%,Online,Dotty Strutley,3,Mix,All Season
Foot Locker,1185732,7/16/2021,South,Mississippi,Jackson,Men's Street Footwear,$47.00 ,289.0,13583.0,"$6,248 ",46%,Outlet,Roddy Speechley,13,Urban,Youth
Foot Locker,1185732,5/13/2021,Northeast,Delaware,Wilmington,Women's Street Footwear,$45.00 ,300.0,135000.0,"$54,000 ",40%,In-store,Curtice Advani,14,Youth,Extreme
Foot Locker,1185732,6/12/2021,Midwest,Nebraska,Omaha,Men's Apparel,$42.00 ,6.0,252.0,$121 ,48%,Online,Barr Faughny,20,Rural,Select
West Gear,1185732,5/4/2021,Midwest,Wisconsin,Milwaukee,Women's Athletic Footwear,$35.00 ,150.0,52500.0,"$15,750 ",30%,In-store,Gunar Cockshoot,22,Mix,Regular
Foot Locker,1185732,1/29/2020,Northeast,New York,New York,Men's Apparel,$43.00 ,289.0,12427.0,"$3,977 ",32%,Outlet,Dotty Strutley,12,Mix,All Season
Foot Locker,1185732,1/23/2020,Northeast,New York,New York,Men's Apparel,$58.00 ,243.0,14094.0,"$6,060 ",43%,Online,Husein Augar,16,Urban,Accessory
Sports Direct,1197831,11/5/2021,West,Idaho,Boise,Women's Apparel,$65.00 ,625.0,406250.0,"$223,438 ",55%,Online,Beverie Moffet,18,Youth,Regular
Sports Direct,1185732,12/5/2021,Southeast,South Carolina,Charleston,Women's Athletic Footwear,$59.00 ,194.0,11446.0,"$5,151 ",45%,Online,Curtice Advani,7,Rural,Accessory
West Gear,1185732,2/22/2021,Northeast,West Virginia,Charleston,Women's Street Footwear,$24.00 ,46.0,1104.0,$519 ,47%,Online,Dennison Crosswaite,10,Accessory,Convenience
Sports Direct,1197831,10/1/2021,South,Texas,Dallas,Women's Athletic Footwear,$56.00 ,126.0,7056.0,"$4,586 ",65%,Online,Van Tuxwell,1,Youth,Productivity
West Gear,1185732,7/8/2021,Northeast,New York,Albany,Men's Athletic Footwear,$60.00 ,700.0,420000.0,"$147,000 ",35%,In-store,Kaine Padly,6,Urban,Select
Walmart,1128299,10/17/2021,Southeast,Florida,Orlando,Women's Athletic Footwear,$55.00 ,375.0,206250.0,"$61,875 ",30%,In-store,Gunar Cockshoot,4,Urban,Regular
Foot Locker,1197831,12/4/2021,West,Idaho,Boise,Women's Street Footwear,$60.00 ,675.0,405000.0,"$162,000 ",40%,Online,Dotty Strutley,21,Youth,Productivity
Foot Locker,1128299,11/23/2021,West,Arizona,Phoenix,Women's Street Footwear,$33.00 ,124.0,4092.0,"$1,596 ",39%,Outlet,Dennison Crosswaite,9,Urban,Select
West Gear,1128299,3/16/2021,South,Louisiana,New Orleans,Women's Apparel,$41.00 ,95.0,3895.0,"$1,753 ",45%,Online,Dotty Strutley,19,Youth,Moderation
West Gear,1128299,11/17/2021,South,Louisiana,New Orleans,Women's Street Footwear,$38.00 ,137.0,5206.0,"$2,707 ",52%,Online,Beverie Moffet,3,Mix,Extreme
West Gear,1185732,4/24/2020,Southeast,Florida,Miami,Women's Street Footwear,$50.00 ,750.0,375000.0,"$93,750 ",25%,In-store,Dennison Crosswaite,22,Youth,Productivity
Foot Locker,1185732,5/6/2021,Northeast,Rhode Island,Providence,Men's Apparel,$40.00 ,54.0,2160.0,$799 ,37%,Outlet,Kaine Padly,10,Mix,All Season
West Gear,1128299,2/24/2021,West,Oregon,Portland,Men's Apparel,$42.00 ,38.0,1596.0,$830 ,52%,Online,Husein Augar,11,Accessory,Youth
Foot Locker,1185732,11/6/2021,Southeast,South Carolina,Charleston,Women's Athletic Footwear,$55.00 ,750.0,412500.0,"$123,750 ",30%,Online,Dennison Crosswaite,8,Accessory,Moderation
Foot Locker,1185732,10/23/2021,South,Texas,Dallas,Men's Athletic Footwear,$45.00 ,225.0,101250.0,"$35,438 ",35%,Outlet,Mallorie Waber,11,Youth,All Season
Sports Direct,1197831,4/2/2021,South,Tennessee,Knoxville,Women's Apparel,$24.00 ,161.0,3864.0,"$2,628 ",68%,Online,Gigi Bohling,18,Accessory,Convenience
Foot Locker,1185732,4/17/2021,South,Mississippi,Jackson,Women's Street Footwear,$14.00 ,101.0,1414.0,$778 ,55%,Online,Jan Morforth,18,Accessory,Youth
Sports Direct,1197831,9/9/2021,South,Texas,Dallas,Women's Apparel,$45.00 ,800.0,360000.0,"$180,000 ",50%,Outlet,Rafaelita Blaksland,18,Urban,Moderation
Sports Direct,1185732,1/9/2021,Midwest,South Dakota,Sioux Falls,Men's Athletic Footwear,$32.00 ,74.0,2368.0,"$1,042 ",44%,Online,Mallorie Waber,11,Urban,Productivity
Kohl's,1189833,4/29/2021,West,California,Los Angeles,Men's Apparel,$50.00 ,700.0,350000.0,"$192,500 ",55%,Outlet,Barr Faughny,3,Accessory,Regular
West Gear,1185732,6/22/2021,Northeast,Maryland,Baltimore,Men's Athletic Footwear,$45.00 ,250.0,112500.0,"$39,375 ",35%,In-store,Rafaelita Blaksland,11,Urban,All Season
Foot Locker,1185732,12/6/2021,Northeast,Pennsylvania,Philadelphia,Women's Athletic Footwear,$55.00 ,200.0,110000.0,"$44,000 ",40%,Outlet,Van Tuxwell,9,Rural,Youth
West Gear,1197831,5/19/2021,South,Oklahoma,Oklahoma City,Men's Apparel,$45.00 ,250.0,112500.0,"$39,375 ",35%,Online,Madelene Upcott,11,Urban,Moderation
Amazon,1185732,3/21/2021,Southeast,Kentucky,Louisville,Men's Street Footwear,$45.00 ,520.0,234000.0,"$93,600 ",40%,Online,Marney O'Breen,1,Accessory,Accessory
Sports Direct,1197831,8/15/2021,South,Alabama,Birmingham,Women's Street Footwear,$27.00 ,117.0,3159.0,"$1,832 ",58%,Online,Jan Morforth,4,Youth,All Season
Foot Locker,1185732,6/18/2021,South,Mississippi,Jackson,Women's Apparel,$51.00 ,219.0,11169.0,"$5,920 ",53%,Outlet,Marney O'Breen,8,Accessory,Productivity
Kohl's,1128299,4/26/2021,West,New Mexico,Albuquerque,Women's Athletic Footwear,$54.00 ,87.0,4698.0,"$2,161 ",46%,Online,Mallorie Waber,5,Accessory,Accessory
Sports Direct,1197831,10/4/2021,West,Idaho,Boise,Women's Street Footwear,$31.00 ,179.0,5549.0,"$2,331 ",42%,Outlet,Dotty Strutley,15,Accessory,Regular
West Gear,1185732,7/10/2021,West,Utah,Salt Lake City,Women's Athletic Footwear,$16.00 ,128.0,2048.0,$963 ,47%,Outlet,Brien Boise,19,Accessory,Convenience
Foot Locker,1185732,7/11/2021,Midwest,Nebraska,Omaha,Women's Athletic Footwear,$20.00 ,75.0,15000.0,"$6,000 ",40%,Outlet,Wilone O'Kielt,21,Urban,Regular
Kohl's,1189833,4/10/2021,West,California,Los Angeles,Women's Athletic Footwear,$45.00 ,525.0,236250.0,"$82,688 ",35%,Outlet,Kaine Padly,20,Accessory,Extreme
Foot Locker,1185732,8/14/2021,Northeast,Delaware,Wilmington,Men's Athletic Footwear,$50.00 ,425.0,212500.0,"$74,375 ",35%,In-store,Kaine Padly,9,Urban,All Season
West Gear,1197831,9/19/2021,South,Oklahoma,Oklahoma City,Men's Athletic Footwear,$38.00 ,98.0,3724.0,"$1,676 ",45%,Online,Dennison Crosswaite,9,Rural,All Season
Foot Locker,1185732,4/7/2021,Northeast,Rhode Island,Providence,Men's Street Footwear,$32.00 ,111.0,3552.0,"$1,740 ",49%,Online,Barr Faughny,14,Youth,Accessory
West Gear,1185732,8/11/2021,West,Utah,Salt Lake City,Men's Athletic Footwear,$34.00 ,131.0,4454.0,"$2,093 ",47%,Online,Ches Bonnell,6,Youth,Accessory
Sports Direct,1197831,9/1/2021,South,Alabama,Birmingham,Men's Athletic Footwear,$49.00 ,203.0,9947.0,"$5,570 ",56%,Online,Ches Bonnell,21,Mix,Extreme
West Gear,1128299,8/17/2021,South,Louisiana,New Orleans,Women's Apparel,$70.00 ,300.0,210000.0,"$73,500 ",35%,Online,Van Tuxwell,21,Accessory,Accessory
Sports Direct,1185732,3/13/2021,Northeast,Massachusetts,Boston,Women's Street Footwear,$30.00 ,200.0,60000.0,"$15,000 ",25%,In-store,Roddy Speechley,16,Mix,Moderation
Foot Locker,1185732,11/9/2020,Midwest,Minnesota,Minneapolis,Women's Apparel,$40.00 ,175.0,70000.0,"$31,500 ",45%,In-store,Ches Bonnell,7,Mix,Accessory
Foot Locker,1185732,7/24/2021,Midwest,Illinois,Chicago,Men's Street Footwear,$56.00 ,115.0,6440.0,"$3,542 ",55%,Online,Gunar Cockshoot,7,Rural,Select
Foot Locker,1128299,2/23/2021,West,Arizona,Phoenix,Women's Athletic Footwear,$40.00 ,225.0,90000.0,"$31,500 ",35%,Online,Roddy Speechley,14,Urban,All Season
Foot Locker,1185732,2/18/2021,Midwest,Missouri,St. Louis,Women's Athletic Footwear,$24.00 ,70.0,1680.0,$874 ,52%,Online,Curtice Advani,14,Youth,Select
West Gear,1128299,1/15/2021,West,California,San Francisco,Women's Athletic Footwear,$55.00 ,218.0,11990.0,"$4,796 ",40%,Online,Barr Faughny,6,Urban,Accessory
West Gear,1185732,7/2/2021,Midwest,Wisconsin,Milwaukee,Men's Apparel,$48.00 ,50.0,2400.0,"$1,488 ",62%,Online,Beverie Moffet,9,Mix,Youth
West Gear,1128299,1/5/2020,Northeast,Pennsylvania,Philadelphia,Women's Athletic Footwear,$34.00 ,90.0,3060.0,"$1,255 ",41%,Outlet,Oby Sorrel,9,Urban,Moderation
West Gear,1185732,12/10/2021,West,Utah,Salt Lake City,Men's Apparel,$38.00 ,112.0,4256.0,"$2,128 ",50%,Online,Dotty Strutley,15,Youth,Extreme
Sports Direct,1185732,10/9/2021,Midwest,North Dakota,Fargo,Men's Street Footwear,$49.00 ,116.0,5684.0,"$2,671 ",47%,Online,Rafaelita Blaksland,20,Mix,Moderation
West Gear,1197831,11/20/2021,South,Arkansas,Little Rock,Men's Apparel,$69.00 ,91.0,6279.0,"$2,951 ",47%,Online,Dennison Crosswaite,15,Urban,Regular
West Gear,1128299,10/17/2021,South,Louisiana,New Orleans,Women's Athletic Footwear,$31.00 ,120.0,3720.0,"$1,600 ",43%,Outlet,Van Tuxwell,20,Youth,Extreme
Walmart,1197831,8/31/2020,South,Texas,Houston,Men's Athletic Footwear,$45.00 ,925.0,416250.0,"$145,688 ",35%,Outlet,Andria Kimpton,2,Accessory,Regular
Kohl's,1197831,11/20/2021,South,Oklahoma,Oklahoma City,Men's Apparel,$60.00 ,85.0,5100.0,"$2,040 ",40%,Outlet,Camilla Castle,14,Urban,Productivity
West Gear,1185732,5/12/2021,West,Utah,Salt Lake City,Women's Apparel,$32.00 ,128.0,4096.0,"$2,335 ",57%,Outlet,Gigi Bohling,12,Accessory,Productivity
Amazon,1185732,1/13/2021,Southeast,North Carolina,Charlotte,Women's Street Footwear,$24.00 ,167.0,4008.0,"$2,164 ",54%,Online,Oby Sorrel,11,Accessory,Moderation
Amazon,1185732,3/21/2021,Southeast,Kentucky,Louisville,Women's Athletic Footwear,$40.00 ,100.0,40000.0,"$16,000 ",40%,Online,Karlen McCaffrey,21,Rural,Convenience
Amazon,1185732,7/10/2021,Northeast,Vermont,Burlington,Men's Athletic Footwear,$55.00 ,425.0,233750.0,"$105,188 ",45%,In-store,Gunar Cockshoot,12,Rural,Moderation
West Gear,1185732,4/9/2021,Northeast,New York,Albany,Women's Athletic Footwear,$40.00 ,450.0,180000.0,"$54,000 ",30%,In-store,Gigi Bohling,15,Mix,Convenience
Walmart,1197831,8/21/2020,South,Texas,Houston,Women's Athletic Footwear,$40.00 ,750.0,300000.0,"$135,000 ",45%,Outlet,Roddy Speechley,16,Mix,Moderation
Foot Locker,1185732,7/5/2021,Midwest,Illinois,Chicago,Women's Apparel,$55.00 ,350.0,192500.0,"$96,250 ",50%,Outlet,Ches Bonnell,22,Youth,Youth
Foot Locker,1197831,12/12/2021,Midwest,Kansas,Wichita,Women's Athletic Footwear,$60.00 ,300.0,180000.0,"$63,000 ",35%,Online,Kaine Padly,16,Rural,Moderation
West Gear,1128299,1/4/2021,West,California,San Francisco,Men's Apparel,$60.00 ,154.0,9240.0,"$6,098 ",66%,Online,Jan Morforth,2,Accessory,Extreme
West Gear,1128299,5/7/2020,West,Colorado,Denver,Women's Apparel,$70.00 ,425.0,297500.0,"$59,500 ",20%,In-store,Kelci Walkden,9,Youth,All Season
Kohl's,1185732,5/10/2021,West,Wyoming,Cheyenne,Women's Street Footwear,$39.00 ,145.0,5655.0,"$2,771 ",49%,Online,Gigi Bohling,22,Mix,Regular
Kohl's,1197831,1/16/2021,South,Oklahoma,Oklahoma City,Women's Street Footwear,$12.00 ,116.0,1392.0,$557 ,40%,Outlet,Van Tuxwell,6,Rural,Convenience
Kohl's,1197831,7/12/2021,Midwest,Kansas,Wichita,Women's Apparel,$65.00 ,500.0,325000.0,"$113,750 ",35%,Online,Gigi Bohling,2,Rural,Extreme
Amazon,1185732,6/22/2021,West,Alaska,Anchorage,Women's Apparel,$70.00 ,450.0,315000.0,"$94,500 ",30%,Outlet,Wilone O'Kielt,3,Mix,Extreme
Amazon,1185732,12/26/2021,Northeast,Maine,Portland,Women's Apparel,$60.00 ,325.0,195000.0,"$78,000 ",40%,Outlet,Curtice Advani,22,Mix,All Season
West Gear,1185732,1/10/2021,Midwest,Wisconsin,Milwaukee,Women's Athletic Footwear,$28.00 ,44.0,1232.0,$591 ,48%,Online,Marney O'Breen,21,Rural,Youth
Sports Direct,1128299,5/14/2021,Southeast,Georgia,Atlanta,Men's Street Footwear,$47.00 ,160.0,7520.0,"$4,061 ",54%,Online,Barr Faughny,2,Mix,Moderation
Foot Locker,1185732,11/30/2020,Midwest,Minnesota,Minneapolis,Women's Street Footwear,$37.00 ,68.0,2516.0,"$1,006 ",40%,Online,Wilone O'Kielt,1,Urban,Convenience
West Gear,1128299,7/1/2020,West,Washington,Seattle,Men's Street Footwear,$73.00 ,239.0,17447.0,"$6,979 ",40%,Online,Kelci Walkden,18,Mix,Regular
Foot Locker,1185732,7/20/2021,Midwest,Illinois,Chicago,Women's Street Footwear,$40.00 ,200.0,80000.0,"$28,000 ",35%,Outlet,Andria Kimpton,1,Accessory,Youth
Foot Locker,1185732,11/4/2020,Midwest,Minnesota,Minneapolis,Men's Street Footwear,$36.00 ,120.0,4320.0,"$2,030 ",47%,Online,Beverie Moffet,16,Accessory,Youth
Sports Direct,1185732,7/15/2021,Midwest,Michigan,Detroit,Men's Athletic Footwear,$53.00 ,189.0,10017.0,"$5,109 ",51%,Online,Gigi Bohling,12,Rural,Convenience
Foot Locker,1185732,8/6/2021,Midwest,Iowa,Des Moines,Men's Street Footwear,$49.00 ,131.0,6419.0,"$2,696 ",42%,Online,Kaine Padly,1,Urban,Select
Kohl's,1185732,3/10/2021,West,Wyoming,Cheyenne,Men's Street Footwear,$38.00 ,246.0,9348.0,"$5,609 ",60%,Online,Gunar Cockshoot,5,Urban,Extreme
Foot Locker,1185732,7/11/2021,Midwest,South Dakota,Sioux Falls,Men's Street Footwear,$50.00 ,550.0,275000.0,"$96,250 ",35%,Online,Beverie Moffet,21,Accessory,All Season
West Gear,1185732,2/3/2021,Midwest,Iowa,Des Moines,Women's Street Footwear,$20.00 ,200.0,40000.0,"$12,000 ",30%,In-store,Ches Bonnell,14,Youth,Moderation
Foot Locker,1185732,11/24/2021,Northeast,Pennsylvania,Philadelphia,Women's Athletic Footwear,$55.00 ,150.0,82500.0,"$33,000 ",40%,Outlet,Madelene Upcott,5,Rural,Extreme
West Gear,1128299,12/16/2021,South,Louisiana,New Orleans,Men's Athletic Footwear,$80.00 ,800.0,640000.0,"$256,000 ",40%,Online,Curtice Advani,11,Rural,Productivity
Foot Locker,1185732,7/8/2021,Midwest,Nebraska,Omaha,Men's Street Footwear,$40.00 ,400.0,160000.0,"$64,000 ",40%,Outlet,Dotty Strutley,17,Rural,All Season
West Gear,1128299,7/17/2020,West,Washington,Seattle,Men's Apparel,$80.00 ,425.0,340000.0,"$85,000 ",25%,In-store,Kelci Walkden,1,Rural,Convenience
Foot Locker,1128299,4/24/2021,Southeast,Virginia,Richmond,Men's Apparel,$50.00 ,125.0,62500.0,"$25,000 ",40%,In-store,Rafaelita Blaksland,11,Mix,Youth
Foot Locker,1185732,1/21/2020,Northeast,New York,New York,Women's Street Footwear,$40.00 ,950.0,380000.0,"$133,000 ",35%,Outlet,Gigi Bohling,11,Rural,Youth
Kohl's,1185732,4/7/2021,Northeast,New Jersey,Newark,Women's Street Footwear,$24.00 ,51.0,1224.0,$612 ,50%,Online,Camilla Castle,18,Mix,Select
Walmart,1197831,8/19/2020,South,Texas,Houston,Men's Athletic Footwear,$45.00 ,950.0,427500.0,"$149,625 ",35%,Outlet,Roddy Speechley,18,Accessory,Youth
Foot Locker,1185732,12/17/2021,Northeast,New Hampshire,Manchester,Women's Street Footwear,$62.00 ,108.0,6696.0,"$2,812 ",42%,Online,Rafaelita Blaksland,9,Mix,Moderation
West Gear,1185732,5/8/2021,Northeast,New York,Albany,Men's Athletic Footwear,$55.00 ,575.0,316250.0,"$110,688 ",35%,In-store,Karlen McCaffrey,21,Mix,Moderation
Sports Direct,1185732,5/15/2021,Midwest,Michigan,Detroit,Men's Athletic Footwear,$50.00 ,500.0,250000.0,"$100,000 ",40%,In-store,Rafaelita Blaksland,21,Youth,Accessory
West Gear,1185732,11/11/2021,West,Utah,Salt Lake City,Men's Apparel,$28.00 ,123.0,3444.0,"$1,309 ",38%,Outlet,Brien Boise,2,Youth,Productivity
Foot Locker,1185732,10/15/2021,Northeast,Delaware,Wilmington,Men's Apparel,$65.00 ,175.0,113750.0,"$34,125 ",30%,In-store,Dennison Crosswaite,12,Urban,Youth
West Gear,1185732,2/22/2021,Northeast,Maryland,Baltimore,Women's Athletic Footwear,$30.00 ,50.0,15000.0,"$5,250 ",35%,In-store,Gigi Bohling,6,Urban,Moderation
Amazon,1185732,12/25/2021,Northeast,Maine,Portland,Men's Apparel,$55.00 ,150.0,82500.0,"$20,625 ",25%,Outlet,Gunar Cockshoot,2,Mix,Youth
Amazon,1185732,9/17/2021,Northeast,New Hampshire,Manchester,Women's Apparel,$70.00 ,325.0,227500.0,"$79,625 ",35%,Outlet,Curtice Advani,10,Accessory,Youth
Foot Locker,1185732,3/5/2020,Northeast,New York,New York,Men's Athletic Footwear,$55.00 ,1000.0,550000.0,"$165,000 ",30%,Outlet,Marney O'Breen,6,Mix,All Season
West Gear,1185732,5/18/2021,Northeast,West Virginia,Charleston,Women's Street Footwear,$35.00 ,275.0,96250.0,"$38,500 ",40%,In-store,Kelci Walkden,8,Accessory,Moderation
Sports Direct,1128299,6/13/2021,Southeast,Georgia,Atlanta,Men's Athletic Footwear,$55.00 ,525.0,288750.0,"$115,500 ",40%,Online,Roddy Speechley,14,Rural,Select
West Gear,1128299,1/8/2021,West,California,San Francisco,Women's Street Footwear,$64.00 ,206.0,13184.0,"$7,251 ",55%,Online,Gigi Bohling,15,Rural,All Season
Sports Direct,1185732,12/6/2021,Northeast,Rhode Island,Providence,Men's Apparel,$60.00 ,225.0,135000.0,"$40,500 ",30%,In-store,Ches Bonnell,9,Rural,Moderation
Amazon,1185732,7/21/2021,Southeast,Kentucky,Louisville,Women's Street Footwear,$38.00 ,69.0,2622.0,"$1,363 ",52%,Online,Gunar Cockshoot,9,Urban,Convenience
Amazon,1185732,2/11/2021,Midwest,Ohio,Columbus,Women's Athletic Footwear,$29.00 ,101.0,2929.0,"$1,465 ",50%,Online,Dotty Strutley,21,Youth,Moderation
Walmart,1128299,10/17/2021,Southeast,Florida,Orlando,Men's Athletic Footwear,$65.00 ,575.0,373750.0,"$93,438 ",25%,In-store,Dotty Strutley,2,Rural,Convenience
West Gear,1128299,2/11/2020,West,Nevada,Las Vegas,Men's Apparel,$65.00 ,500.0,325000.0,"$178,750 ",55%,In-store,Mallorie Waber,7,Accessory,Youth
West Gear,1185732,9/8/2021,Northeast,New York,Albany,Men's Athletic Footwear,$48.00 ,163.0,7824.0,"$3,521 ",45%,Online,Ches Bonnell,7,Urban,Youth
Foot Locker,1128299,6/10/2021,West,Hawaii,Honolulu,Men's Athletic Footwear,$72.00 ,156.0,11232.0,"$3,482 ",31%,Online,Madelene Upcott,3,Urban,Productivity
Amazon,1185732,9/9/2021,Midwest,Ohio,Columbus,Women's Street Footwear,$23.00 ,138.0,3174.0,"$1,746 ",55%,Online,Oby Sorrel,14,Rural,Youth
Foot Locker,1128299,8/24/2021,Southeast,Virginia,Richmond,Men's Street Footwear,$90.00 ,800.0,720000.0,"$252,000 ",35%,In-store,Madelene Upcott,11,Rural,Youth
Sports Direct,1185732,10/1/2020,Southeast,Florida,Miami,Women's Street Footwear,$47.00 ,203.0,9541.0,"$3,721 ",39%,Online,Andria Kimpton,20,Rural,Extreme
West Gear,1185732,1/10/2021,Midwest,Wisconsin,Milwaukee,Men's Athletic Footwear,$35.00 ,300.0,105000.0,"$42,000 ",40%,In-store,Rafaelita Blaksland,14,Mix,Extreme
Walmart,1185732,4/24/2020,Northeast,New York,New York,Women's Apparel,$59.00 ,280.0,16520.0,"$6,608 ",40%,Online,Dennison Crosswaite,9,Youth,Extreme
Kohl's,1189833,3/7/2021,Midwest,Montana,Billings,Women's Athletic Footwear,$43.00 ,143.0,6149.0,"$3,136 ",51%,Online,Rafaelita Blaksland,19,Mix,Regular
Sports Direct,1197831,10/19/2021,South,Texas,Dallas,Women's Athletic Footwear,$44.00 ,190.0,8360.0,"$4,682 ",56%,Outlet,Kaine Padly,7,Mix,Convenience
Foot Locker,1185732,7/5/2021,Midwest,Iowa,Des Moines,Men's Apparel,$50.00 ,200.0,100000.0,"$50,000 ",50%,In-store,Camilla Castle,5,Accessory,Convenience
Amazon,1185732,4/22/2021,Southeast,Kentucky,Louisville,Men's Apparel,$47.00 ,35.0,1645.0,$806 ,49%,Online,Gunar Cockshoot,1,Mix,Productivity
Foot Locker,1185732,8/7/2021,Northeast,Rhode Island,Providence,Women's Apparel,$38.00 ,96.0,3648.0,"$1,715 ",47%,Outlet,Curtice Advani,16,Mix,Convenience
West Gear,1128299,12/29/2020,West,California,San Francisco,Men's Apparel,$59.00 ,152.0,8968.0,"$5,829 ",65%,Online,Ches Bonnell,4,Urban,Youth
Kohl's,1197831,1/16/2021,South,Oklahoma,Oklahoma City,Women's Apparel,$17.00 ,119.0,2023.0,$749 ,37%,Outlet,Karlen McCaffrey,18,Rural,Accessory
Foot Locker,1185732,9/6/2021,Northeast,Rhode Island,Providence,Men's Apparel,$50.00 ,100.0,50000.0,"$15,000 ",30%,In-store,Madelene Upcott,7,Mix,Select
Foot Locker,1128299,11/23/2021,West,Arizona,Phoenix,Women's Athletic Footwear,$42.00 ,98.0,4116.0,"$1,935 ",47%,Online,Karlen McCaffrey,9,Youth,Convenience
Walmart,1197831,7/19/2021,South,Arkansas,Little Rock,Men's Street Footwear,$55.00 ,775.0,426250.0,"$170,500 ",40%,Online,Curtice Advani,8,Youth,All Season
Foot Locker,1185732,4/24/2020,Southeast,Florida,Miami,Men's Street Footwear,$42.00 ,256.0,10752.0,"$6,236 ",58%,Online,Gunar Cockshoot,4,Urban,Productivity
West Gear,1128299,1/15/2020,West,Nevada,Las Vegas,Men's Athletic Footwear,$55.00 ,400.0,220000.0,"$55,000 ",25%,Outlet,Ches Bonnell,16,Youth,Productivity
West Gear,1128299,1/24/2021,West,Utah,Salt Lake City,Men's Apparel,$35.00 ,53.0,1855.0,$853 ,46%,Outlet,Wilone O'Kielt,17,Accessory,Extreme
Amazon,1185732,4/18/2021,Northeast,New Hampshire,Manchester,Women's Street Footwear,$40.00 ,250.0,100000.0,"$30,000 ",30%,In-store,Andria Kimpton,3,Urban,Accessory
West Gear,1197831,10/21/2021,South,Oklahoma,Oklahoma City,Women's Street Footwear,$14.00 ,74.0,1036.0,$435 ,42%,Outlet,Roddy Speechley,4,Rural,Accessory
West Gear,1128299,5/18/2021,South,Louisiana,New Orleans,Men's Athletic Footwear,$47.00 ,100.0,4700.0,"$2,444 ",52%,Online,Karlen McCaffrey,17,Rural,Moderation
Foot Locker,1185732,11/16/2021,Northeast,Pennsylvania,Philadelphia,Men's Athletic Footwear,$40.00 ,54.0,2160.0,$713 ,33%,Outlet,Gigi Bohling,7,Accessory,Productivity
West Gear,1197831,4/5/2021,West,Idaho,Boise,Men's Apparel,$35.00 ,275.0,96250.0,"$28,875 ",30%,Online,Barr Faughny,6,Mix,Moderation
Amazon,1185732,6/19/2021,Northeast,New Hampshire,Manchester,Men's Street Footwear,$65.00 ,675.0,438750.0,"$175,500 ",40%,In-store,Husein Augar,6,Youth,Convenience
Kohl's,1189833,3/14/2021,West,California,Los Angeles,Men's Athletic Footwear,$30.00 ,215.0,6450.0,"$2,000 ",31%,Outlet,Oby Sorrel,17,Youth,Productivity
West Gear,1128299,11/2/2020,South,Texas,Houston,Men's Athletic Footwear,$49.00 ,194.0,9506.0,"$2,947 ",31%,Online,Mallorie Waber,14,Rural,Youth
Sports Direct,1197831,8/21/2021,South,Texas,Dallas,Men's Apparel,$38.00 ,75.0,2850.0,$998 ,35%,Online,Van Tuxwell,17,Mix,Youth
West Gear,1128299,4/13/2020,West,Colorado,Denver,Women's Apparel,$80.00 ,475.0,380000.0,"$114,000 ",30%,In-store,Beverie Moffet,8,Youth,Convenience
Foot Locker,1185732,7/7/2021,Midwest,Illinois,Chicago,Men's Athletic Footwear,$43.00 ,81.0,3483.0,"$1,567 ",45%,Online,Curtice Advani,12,Rural,All Season
West Gear,1185732,7/10/2021,West,Utah,Salt Lake City,Women's Street Footwear,$19.00 ,157.0,2983.0,"$1,163 ",39%,Outlet,Husein Augar,8,Mix,Productivity
Sports Direct,1185732,12/6/2021,Northeast,Rhode Island,Providence,Men's Street Footwear,$48.00 ,160.0,7680.0,"$2,995 ",39%,Outlet,Roddy Speechley,14,Mix,Youth
West Gear,1128299,3/23/2021,West,Oregon,Portland,Men's Street Footwear,$28.00 ,143.0,4004.0,"$1,602 ",40%,Outlet,Kaine Padly,2,Youth,Regular
Sports Direct,1197831,9/30/2021,South,Alabama,Birmingham,Men's Street Footwear,$14.00 ,188.0,2632.0,"$1,500 ",57%,Outlet,Ches Bonnell,6,Rural,Select
Sports Direct,1197831,9/26/2021,South,Texas,Dallas,Men's Apparel,$43.00 ,158.0,6794.0,"$2,786 ",41%,Outlet,Marney O'Breen,21,Youth,Regular
West Gear,1128299,6/17/2021,South,Louisiana,New Orleans,Women's Apparel,$80.00 ,248.0,19840.0,"$8,134 ",41%,Outlet,Rafaelita Blaksland,15,Mix,Youth
Foot Locker,1185732,6/30/2021,Midwest,Nebraska,Omaha,Men's Apparel,$45.00 ,175.0,78750.0,"$27,563 ",35%,Outlet,Kelci Walkden,19,Youth,Accessory
West Gear,1185732,6/22/2021,Northeast,Maryland,Baltimore,Men's Street Footwear,$50.00 ,500.0,250000.0,"$100,000 ",40%,In-store,Rafaelita Blaksland,14,Youth,Productivity
Foot Locker,1185732,9/6/2021,Northeast,Rhode Island,Providence,Men's Athletic Footwear,$30.00 ,79.0,2370.0,$877 ,37%,Outlet,Husein Augar,13,Rural,Regular
West Gear,1185732,9/11/2021,Midwest,Indiana,Indianapolis,Women's Athletic Footwear,$25.00 ,150.0,37500.0,"$13,125 ",35%,In-store,Curtice Advani,12,Urban,Accessory
Sports Direct,1197831,5/14/2021,South,Tennessee,Knoxville,Women's Apparel,$43.00 ,202.0,8686.0,"$5,733 ",66%,Outlet,Kelci Walkden,5,Rural,Regular
Foot Locker,1185732,3/5/2021,Midwest,Iowa,Des Moines,Men's Apparel,$30.00 ,150.0,45000.0,"$22,500 ",50%,In-store,Oby Sorrel,9,Youth,Productivity
Sports Direct,1185732,4/14/2021,Northeast,Massachusetts,Boston,Women's Apparel,$40.00 ,275.0,110000.0,"$33,000 ",30%,In-store,Rafaelita Blaksland,7,Youth,All Season
West Gear,1128299,5/12/2020,West,Colorado,Denver,Men's Apparel,$64.00 ,75.0,4800.0,"$3,168 ",66%,Online,Karlen McCaffrey,20,Mix,Accessory
Sports Direct,1185732,4/9/2021,Midwest,North Dakota,Fargo,Men's Street Footwear,$28.00 ,113.0,3164.0,"$1,550 ",49%,Online,Beverie Moffet,4,Rural,Regular
Foot Locker,1185732,11/6/2021,Southeast,South Carolina,Charleston,Men's Street Footwear,$50.00 ,278.0,13900.0,"$7,923 ",57%,Online,Madelene Upcott,7,Mix,Convenience
Foot Locker,1185732,6/7/2021,Midwest,Illinois,Chicago,Men's Athletic Footwear,$45.00 ,175.0,78750.0,"$27,563 ",35%,Outlet,Dennison Crosswaite,11,Rural,Productivity
Foot Locker,1185732,9/6/2021,Northeast,Rhode Island,Providence,Women's Athletic Footwear,$30.00 ,32.0,960.0,$442 ,46%,Outlet,Kelci Walkden,13,Youth,Accessory
Sports Direct,1185732,9/15/2021,Midwest,Michigan,Detroit,Men's Apparel,$45.00 ,475.0,213750.0,"$85,500 ",40%,In-store,Jehu Rudeforth,22,Mix,Regular
Walmart,1185732,5/1/2020,Northeast,New York,New York,Men's Apparel,$47.00 ,280.0,13160.0,"$4,738 ",36%,Outlet,Barr Faughny,6,Mix,Convenience
West Gear,1128299,1/16/2021,West,California,San Francisco,Men's Apparel,$65.00 ,775.0,503750.0,"$251,875 ",50%,Outlet,Andria Kimpton,8,Urban,Extreme
Sports Direct,1185732,12/6/2021,Northeast,Rhode Island,Providence,Women's Street Footwear,$40.00 ,88.0,3520.0,"$1,654 ",47%,Outlet,Andria Kimpton,14,Rural,Extreme
Kohl's,1197831,11/20/2021,South,Oklahoma,Oklahoma City,Women's Apparel,$72.00 ,105.0,7560.0,"$3,780 ",50%,Online,Wilone O'Kielt,9,Youth,Convenience
Sports Direct,1185732,8/16/2021,Midwest,Michigan,Detroit,Women's Street Footwear,$42.00 ,144.0,6048.0,"$2,540 ",42%,Online,Curtice Advani,5,Youth,Accessory
West Gear,1128299,4/30/2020,West,Colorado,Denver,Men's Apparel,$75.00 ,500.0,375000.0,"$225,000 ",60%,In-store,Marney O'Breen,21,Accessory,All Season
Foot Locker,1128299,3/22/2021,West,Arizona,Phoenix,Men's Athletic Footwear,$48.00 ,95.0,4560.0,"$2,508 ",55%,Online,Van Tuxwell,22,Mix,Youth
Kohl's,1185732,10/12/2021,West,Wyoming,Cheyenne,Men's Street Footwear,$55.00 ,775.0,426250.0,"$213,125 ",50%,In-store,Barr Faughny,11,Mix,Accessory
Foot Locker,1185732,4/17/2021,South,Mississippi,Jackson,Men's Street Footwear,$23.00 ,169.0,3887.0,"$2,099 ",54%,Online,Oby Sorrel,22,Accessory,All Season
Amazon,1185732,2/12/2021,Northeast,Vermont,Burlington,Men's Apparel,$36.00 ,68.0,2448.0,$955 ,39%,Outlet,Dotty Strutley,2,Youth,Regular
Amazon,1185732,11/2/2021,Northeast,Maine,Portland,Women's Athletic Footwear,$33.00 ,21.0,693.0,$277 ,40%,Online,Gunar Cockshoot,3,Rural,Youth
Foot Locker,1185732,1/27/2020,Northeast,New York,New York,Women's Street Footwear,$39.00 ,247.0,9633.0,"$4,720 ",49%,Online,Jehu Rudeforth,3,Youth,Regular
West Gear,1128299,4/6/2020,West,Colorado,Denver,Men's Apparel,$65.00 ,175.0,113750.0,"$56,875 ",50%,In-store,Mallorie Waber,2,Mix,Convenience
Foot Locker,1197831,2/4/2021,West,Idaho,Boise,Women's Apparel,$35.00 ,450.0,157500.0,"$70,875 ",45%,Online,Kaine Padly,11,Youth,Select
Foot Locker,1128299,2/24/2021,West,Wyoming,Cheyenne,Women's Street Footwear,$39.00 ,88.0,3432.0,"$1,544 ",45%,Online,Brien Boise,19,Youth,Convenience
Walmart,1128299,5/18/2021,Southeast,Florida,Orlando,Women's Athletic Footwear,$59.00 ,88.0,5192.0,"$2,233 ",43%,Online,Oby Sorrel,14,Rural,Accessory
West Gear,1197831,1/23/2021,South,Arkansas,Little Rock,Women's Athletic Footwear,$13.00 ,74.0,962.0,$414 ,43%,Outlet,Beverie Moffet,6,Mix,Select
West Gear,1128299,12/27/2020,West,California,San Francisco,Women's Street Footwear,$64.00 ,210.0,13440.0,"$6,720 ",50%,Online,Husein Augar,12,Urban,Productivity
Foot Locker,1185732,6/18/2021,South,Mississippi,Jackson,Women's Street Footwear,$45.00 ,475.0,213750.0,"$85,500 ",40%,Online,Roddy Speechley,10,Rural,Select
Sports Direct,1128299,2/17/2021,Southeast,Florida,Orlando,Men's Apparel,$52.00 ,60.0,3120.0,$998 ,32%,Online,Gigi Bohling,17,Accessory,Productivity
Foot Locker,1185732,3/11/2021,Midwest,South Dakota,Sioux Falls,Men's Athletic Footwear,$40.00 ,200.0,80000.0,"$24,000 ",30%,Online,Gunar Cockshoot,14,Urban,Productivity
Kohl's,1189833,4/30/2021,West,California,Los Angeles,Women's Apparel,$59.00 ,203.0,11977.0,"$3,593 ",30%,Online,Madelene Upcott,8,Rural,Select
West Gear,1185732,4/3/2021,Midwest,Wisconsin,Milwaukee,Women's Street Footwear,$10.00 ,150.0,15000.0,"$4,500 ",30%,In-store,Mallorie Waber,4,Accessory,Accessory
Foot Locker,1185732,4/7/2021,Northeast,Rhode Island,Providence,Men's Street Footwear,$35.00 ,425.0,148750.0,"$52,063 ",35%,In-store,Van Tuxwell,16,Rural,Extreme
West Gear,1128299,5/19/2020,West,Colorado,Denver,Women's Apparel,$73.00 ,130.0,9490.0,"$2,942 ",31%,Online,Marney O'Breen,22,Rural,Productivity
West Gear,1128299,5/16/2020,West,Colorado,Denver,Women's Street Footwear,$51.00 ,128.0,6528.0,"$3,460 ",53%,Online,Curtice Advani,6,Rural,All Season
Foot Locker,1185732,1/24/2021,Northeast,New Hampshire,Manchester,Women's Apparel,$55.00 ,300.0,165000.0,"$49,500 ",30%,Outlet,Wilone O'Kielt,11,Youth,Accessory
Foot Locker,1128299,3/23/2021,Southeast,Virginia,Richmond,Men's Apparel,$51.00 ,30.0,1530.0,$796 ,52%,Online,Husein Augar,13,Urban,Regular
West Gear,1128299,2/1/2020,West,Nevada,Las Vegas,Men's Street Footwear,$56.00 ,189.0,10584.0,"$6,033 ",57%,Online,Karlen McCaffrey,17,Mix,Accessory
Sports Direct,1197831,8/1/2020,South,Texas,Houston,Men's Athletic Footwear,$30.00 ,263.0,7890.0,"$3,077 ",39%,Outlet,Van Tuxwell,11,Rural,Extreme
West Gear,1128299,6/16/2020,West,Washington,Seattle,Women's Athletic Footwear,$55.00 ,90.0,4950.0,"$2,079 ",42%,Online,Ches Bonnell,17,Urban,Youth
Sports Direct,1197831,7/25/2020,South,Texas,Houston,Men's Street Footwear,$20.00 ,255.0,5100.0,"$2,091 ",41%,Outlet,Camilla Castle,18,Rural,Regular
Sports Direct,1185732,1/7/2021,Northeast,New Jersey,Newark,Men's Street Footwear,$40.00 ,500.0,200000.0,"$80,000 ",40%,In-store,Marney O'Breen,18,Rural,Youth
Sports Direct,1185732,10/15/2021,Northeast,Massachusetts,Boston,Men's Street Footwear,$60.00 ,400.0,240000.0,"$72,000 ",30%,In-store,Gigi Bohling,6,Mix,Moderation
Walmart,1128299,4/17/2021,Southeast,Florida,Orlando,Women's Apparel,$72.00 ,109.0,7848.0,"$4,709 ",60%,Online,Dotty Strutley,7,Mix,Youth
Foot Locker,1185732,5/28/2021,Midwest,Nebraska,Omaha,Men's Athletic Footwear,$33.00 ,38.0,1254.0,$627 ,50%,Online,Oby Sorrel,22,Mix,Accessory
Kohl's,1185732,10/12/2021,West,Wyoming,Cheyenne,Men's Apparel,$55.00 ,475.0,261250.0,"$78,375 ",30%,In-store,Mallorie Waber,22,Urban,Extreme
Foot Locker,1128299,6/24/2021,Southeast,Virginia,Richmond,Men's Apparel,$81.00 ,104.0,8424.0,"$4,296 ",51%,Online,Mallorie Waber,21,Mix,Accessory
Foot Locker,1185732,3/13/2021,Northeast,Delaware,Wilmington,Women's Street Footwear,$29.00 ,69.0,2001.0,"$1,081 ",54%,Online,Rafaelita Blaksland,3,Mix,All Season
Foot Locker,1185732,4/18/2021,Midwest,Missouri,St. Louis,Women's Street Footwear,$20.00 ,275.0,55000.0,"$19,250 ",35%,In-store,Kelci Walkden,3,Youth,Regular
West Gear,1197831,8/20/2021,South,Oklahoma,Oklahoma City,Women's Street Footwear,$50.00 ,375.0,187500.0,"$75,000 ",40%,Online,Wilone O'Kielt,1,Accessory,Moderation
Foot Locker,1128299,6/23/2021,West,Arizona,Phoenix,Women's Athletic Footwear,$38.00 ,105.0,3990.0,"$1,596 ",40%,Outlet,Kelci Walkden,8,Mix,Accessory
Kohl's,1189833,5/18/2021,West,California,Los Angeles,Women's Apparel,$46.00 ,208.0,9568.0,"$2,296 ",24%,Outlet,Roddy Speechley,11,Rural,Convenience
Sports Direct,1185732,11/12/2021,Midwest,South Dakota,Sioux Falls,Women's Street Footwear,$43.00 ,57.0,2451.0,"$1,078 ",44%,Online,Van Tuxwell,4,Mix,Convenience
Foot Locker,1128299,7/22/2021,West,Arizona,Phoenix,Women's Athletic Footwear,$48.00 ,101.0,4848.0,"$2,182 ",45%,Online,Roddy Speechley,5,Urban,All Season
Kohl's,1128299,7/25/2021,West,New Mexico,Albuquerque,Men's Apparel,$60.00 ,500.0,300000.0,"$90,000 ",30%,Online,Jan Morforth,14,Accessory,Regular
Kohl's,1128299,1/26/2021,West,Arizona,Phoenix,Men's Street Footwear,$33.00 ,133.0,4389.0,"$2,151 ",49%,Online,Gigi Bohling,16,Rural,Extreme
Foot Locker,1185732,5/13/2021,Northeast,Delaware,Wilmington,Men's Street Footwear,$55.00 ,570.0,313500.0,"$109,725 ",35%,In-store,Beverie Moffet,19,Accessory,Select
West Gear,1185732,10/10/2021,Midwest,Indiana,Indianapolis,Women's Apparel,$48.00 ,83.0,3984.0,"$2,112 ",53%,Online,Kaine Padly,22,Mix,Select
Foot Locker,1185732,7/20/2021,Midwest,Nebraska,Omaha,Men's Street Footwear,$37.00 ,84.0,3108.0,"$1,678 ",54%,Online,Jehu Rudeforth,12,Accessory,All Season
Sports Direct,1197831,8/17/2021,South,Texas,Dallas,Men's Street Footwear,$23.00 ,176.0,4048.0,"$1,741 ",43%,Online,Dennison Crosswaite,17,Rural,Moderation
Amazon,1185732,7/20/2021,West,Alaska,Anchorage,Women's Apparel,$67.00 ,130.0,8710.0,"$3,920 ",45%,Online,Andria Kimpton,1,Mix,Moderation
Sports Direct,1197831,9/17/2021,South,Texas,Dallas,Men's Athletic Footwear,$50.00 ,825.0,412500.0,"$165,000 ",40%,Outlet,Dennison Crosswaite,6,Mix,Convenience
Kohl's,1185732,11/14/2021,Northeast,Delaware,Wilmington,Women's Street Footwear,$52.00 ,86.0,4472.0,"$2,281 ",51%,Online,Kelci Walkden,6,Youth,Select
Kohl's,1128299,12/22/2021,West,Arizona,Phoenix,Women's Apparel,$60.00 ,450.0,270000.0,"$67,500 ",25%,Online,Van Tuxwell,1,Rural,Moderation
Foot Locker,1128299,6/10/2021,West,Hawaii,Honolulu,Women's Apparel,$100.00 ,650.0,650000.0,"$260,000 ",40%,Outlet,Madelene Upcott,4,Accessory,Productivity
Foot Locker,1128299,5/25/2021,Southeast,Virginia,Richmond,Men's Apparel,$45.00 ,175.0,78750.0,"$31,500 ",40%,In-store,Rafaelita Blaksland,5,Accessory,Extreme
Amazon,1185732,10/19/2021,Northeast,Maine,Portland,Women's Apparel,$68.00 ,56.0,3808.0,"$2,018 ",53%,Online,Ches Bonnell,15,Youth,Productivity
Walmart,1197831,8/23/2020,South,Texas,Houston,Women's Apparel,$47.00 ,250.0,11750.0,"$7,520 ",64%,Online,Karlen McCaffrey,7,Urban,Youth
West Gear,1185732,5/12/2021,West,Utah,Salt Lake City,Men's Apparel,$39.00 ,75.0,2925.0,"$1,463 ",50%,Online,Dennison Crosswaite,5,Youth,Regular
Foot Locker,1185732,3/4/2020,Northeast,New York,New York,Men's Street Footwear,$55.00 ,313.0,17215.0,"$10,501 ",61%,Online,Oby Sorrel,7,Rural,Moderation
Kohl's,1128299,5/27/2021,West,New Mexico,Albuquerque,Men's Street Footwear,$43.00 ,184.0,7912.0,"$3,244 ",41%,Outlet,Jehu Rudeforth,9,Mix,Moderation
Amazon,1185732,2/22/2021,Midwest,Ohio,Columbus,Men's Street Footwear,$40.00 ,550.0,220000.0,"$88,000 ",40%,Online,Kelci Walkden,3,Accessory,Moderation
West Gear,1185732,6/10/2021,Northeast,New York,Albany,Women's Apparel,$69.00 ,181.0,12489.0,"$7,743 ",62%,Online,Camilla Castle,6,Youth,All Season
Sports Direct,1185732,9/10/2021,Midwest,North Dakota,Fargo,Men's Street Footwear,$40.00 ,475.0,190000.0,"$66,500 ",35%,In-store,Gunar Cockshoot,8,Rural,Youth
Amazon,1185732,5/17/2021,Northeast,New Hampshire,Manchester,Men's Athletic Footwear,$54.00 ,87.0,4698.0,"$2,537 ",54%,Online,Kaine Padly,11,Accessory,Convenience
Sports Direct,1185732,2/15/2021,Northeast,Massachusetts,Boston,Women's Apparel,$30.00 ,80.0,2400.0,$768 ,32%,Outlet,Brien Boise,9,Rural,Extreme
West Gear,1197831,6/21/2021,South,Oklahoma,Oklahoma City,Men's Athletic Footwear,$33.00 ,88.0,2904.0,"$1,307 ",45%,Online,Wilone O'Kielt,8,Youth,Youth
West Gear,1185732,12/2/2021,Midwest,Wisconsin,Milwaukee,Men's Athletic Footwear,$50.00 ,350.0,175000.0,"$61,250 ",35%,In-store,Gunar Cockshoot,8,Rural,Extreme
Walmart,1197831,9/1/2020,South,Texas,Houston,Women's Street Footwear,$29.00 ,374.0,10846.0,"$4,447 ",41%,Outlet,Marney O'Breen,5,Mix,Select
Kohl's,1185732,10/12/2021,West,Wyoming,Cheyenne,Women's Street Footwear,$45.00 ,500.0,225000.0,"$78,750 ",35%,In-store,Andria Kimpton,21,Accessory,Convenience
Foot Locker,1128299,6/23/2021,West,Arizona,Phoenix,Men's Street Footwear,$50.00 ,625.0,312500.0,"$109,375 ",35%,Online,Marney O'Breen,2,Mix,Moderation
West Gear,1197831,7/19/2021,South,Oklahoma,Oklahoma City,Women's Street Footwear,$33.00 ,131.0,4323.0,"$1,859 ",43%,Outlet,Jehu Rudeforth,18,Rural,Moderation
West Gear,1128299,6/24/2021,West,Oregon,Portland,Men's Apparel,$90.00 ,400.0,360000.0,"$144,000 ",40%,In-store,Brien Boise,8,Accessory,Extreme
West Gear,1128299,3/8/2020,West,Nevada,Las Vegas,Women's Apparel,$68.00 ,133.0,9044.0,"$2,351 ",26%,Online,Madelene Upcott,1,Accessory,Accessory
Amazon,1185732,11/21/2021,Northeast,Maine,Portland,Men's Apparel,$53.00 ,60.0,3180.0,"$1,208 ",38%,Online,Barr Faughny,7,Rural,Accessory
Kohl's,1189833,4/16/2021,West,California,Los Angeles,Women's Athletic Footwear,$41.00 ,154.0,6314.0,"$3,031 ",48%,Online,Camilla Castle,7,Youth,Select
Amazon,1185732,7/17/2021,Northeast,New Hampshire,Manchester,Women's Athletic Footwear,$55.00 ,325.0,178750.0,"$53,625 ",30%,Outlet,Madelene Upcott,20,Youth,Select
Foot Locker,1197831,2/4/2021,South,Louisiana,New Orleans,Men's Street Footwear,$25.00 ,625.0,156250.0,"$46,875 ",30%,Online,Marney O'Breen,17,Youth,Accessory
Sports Direct,1185732,6/9/2021,Midwest,North Dakota,Fargo,Men's Street Footwear,$40.00 ,500.0,200000.0,"$70,000 ",35%,In-store,Camilla Castle,6,Youth,Convenience
West Gear,1128299,1/12/2021,West,California,San Francisco,Men's Street Footwear,$41.00 ,338.0,13858.0,"$5,266 ",38%,Outlet,Curtice Advani,11,Rural,Regular
Walmart,1128299,12/9/2021,West,Hawaii,Honolulu,Men's Athletic Footwear,$85.00 ,700.0,595000.0,"$119,000 ",20%,Outlet,Madelene Upcott,1,Youth,Moderation
Amazon,1185732,11/21/2021,West,Alaska,Anchorage,Women's Athletic Footwear,$62.00 ,90.0,5580.0,"$2,120 ",38%,Online,Van Tuxwell,15,Accessory,Extreme
Kohl's,1189833,1/24/2021,Midwest,Montana,Billings,Women's Athletic Footwear,$38.00 ,88.0,3344.0,"$1,772 ",53%,Online,Gigi Bohling,20,Rural,Youth
West Gear,1185732,1/11/2021,Midwest,Missouri,St. Louis,Women's Athletic Footwear,$20.00 ,325.0,65000.0,"$26,000 ",40%,In-store,Dotty Strutley,1,Accessory,Moderation
Foot Locker,1128299,1/23/2021,West,Idaho,Boise,Women's Athletic Footwear,$30.00 ,88.0,2640.0,$977 ,37%,Outlet,Karlen McCaffrey,17,Rural,Moderation
Amazon,1185732,2/11/2021,Southeast,North Carolina,Charlotte,Men's Athletic Footwear,$35.00 ,475.0,166250.0,"$58,188 ",35%,Online,Gigi Bohling,8,Rural,Regular
Kohl's,1185732,12/8/2021,Northeast,New York,Albany,Men's Apparel,$65.00 ,575.0,373750.0,"$130,813 ",35%,In-store,Wilone O'Kielt,12,Accessory,Youth
West Gear,1185732,9/7/2020,Southeast,Florida,Miami,Women's Street Footwear,$50.00 ,800.0,400000.0,"$100,000 ",25%,In-store,Dennison Crosswaite,10,Urban,Select
West Gear,1128299,3/21/2020,West,Colorado,Denver,Men's Street Footwear,$27.00 ,131.0,3537.0,"$1,698 ",48%,Online,Brien Boise,2,Youth,Youth
Kohl's,1197831,1/16/2021,South,Oklahoma,Oklahoma City,Women's Athletic Footwear,$20.00 ,200.0,40000.0,"$14,000 ",35%,Online,Kelci Walkden,5,Accessory,All Season
Sports Direct,1185732,2/9/2021,Midwest,North Dakota,Fargo,Women's Apparel,$23.00 ,69.0,1587.0,$809 ,51%,Online,Barr Faughny,21,Youth,Accessory
West Gear,1128299,12/22/2020,West,California,San Francisco,Women's Athletic Footwear,$48.00 ,204.0,9792.0,"$3,133 ",32%,Outlet,Mallorie Waber,7,Mix,Accessory
West Gear,1128299,3/19/2020,West,Colorado,Denver,Men's Apparel,$45.00 ,225.0,101250.0,"$50,625 ",50%,In-store,Kelci Walkden,15,Youth,Extreme
Sports Direct,1197831,10/9/2021,South,Texas,Dallas,Women's Apparel,$45.00 ,161.0,7245.0,"$5,072 ",70%,Online,Camilla Castle,15,Youth,Regular
Foot Locker,1128299,12/12/2021,Southeast,Georgia,Atlanta,Women's Street Footwear,$55.00 ,475.0,261250.0,"$91,438 ",35%,Online,Curtice Advani,16,Accessory,Productivity
Kohl's,1197831,7/12/2021,Midwest,Kansas,Wichita,Women's Street Footwear,$42.00 ,102.0,4284.0,"$1,971 ",46%,Online,Curtice Advani,21,Rural,Accessory
Sports Direct,1197831,9/20/2021,South,Alabama,Birmingham,Women's Street Footwear,$60.00 ,625.0,375000.0,"$187,500 ",50%,Outlet,Rafaelita Blaksland,15,Youth,Regular
Kohl's,1189833,1/12/2021,Midwest,Montana,Billings,Women's Athletic Footwear,$44.00 ,91.0,4004.0,"$2,122 ",53%,Online,Curtice Advani,13,Mix,Moderation
Foot Locker,1185732,1/24/2021,Northeast,New Hampshire,Manchester,Men's Apparel,$50.00 ,64.0,3200.0,$896 ,28%,Outlet,Gigi Bohling,17,Accessory,Moderation
Foot Locker,1185732,1/24/2021,Northeast,West Virginia,Charleston,Women's Street Footwear,$24.00 ,63.0,1512.0,$696 ,46%,Online,Wilone O'Kielt,19,Rural,Moderation
West Gear,1128299,2/17/2020,West,Nevada,Las Vegas,Men's Apparel,$50.00 ,152.0,7600.0,"$4,484 ",59%,Outlet,Oby Sorrel,14,Youth,Accessory
Foot Locker,1185732,12/18/2020,Midwest,Minnesota,Minneapolis,Women's Street Footwear,$36.00 ,38.0,1368.0,$547 ,40%,Online,Ches Bonnell,22,Rural,All Season
Foot Locker,1128299,10/23/2021,West,Arizona,Phoenix,Men's Street Footwear,$45.00 ,500.0,225000.0,"$78,750 ",35%,Online,Curtice Advani,20,Accessory,Extreme
Sports Direct,1128299,12/25/2021,West,New Mexico,Albuquerque,Men's Apparel,$70.00 ,425.0,297500.0,"$89,250 ",30%,Online,Beverie Moffet,3,Accessory,Convenience
Amazon,1185732,3/17/2021,Northeast,New Hampshire,Manchester,Men's Street Footwear,$50.00 ,570.0,285000.0,"$114,000 ",40%,In-store,Karlen McCaffrey,18,Accessory,Productivity
Foot Locker,1185732,2/6/2021,Midwest,Iowa,Des Moines,Women's Apparel,$14.00 ,68.0,952.0,$514 ,54%,Online,Gigi Bohling,7,Mix,Convenience
Walmart,1197831,9/19/2021,South,Arkansas,Little Rock,Men's Apparel,$25.00 ,325.0,81250.0,"$28,438 ",35%,Online,Karlen McCaffrey,20,Mix,Extreme
Sports Direct,1185732,6/5/2021,Northeast,Connecticut,Hartford,Men's Athletic Footwear,$50.00 ,375.0,187500.0,"$75,000 ",40%,In-store,Gunar Cockshoot,15,Accessory,Regular
Walmart,1128299,11/10/2021,West,Hawaii,Honolulu,Women's Street Footwear,$55.00 ,425.0,233750.0,"$58,438 ",25%,Outlet,Andria Kimpton,13,Youth,Convenience
Foot Locker,1185732,7/29/2021,Midwest,Nebraska,Omaha,Women's Athletic Footwear,$38.00 ,38.0,1444.0,$794 ,55%,Online,Husein Augar,14,Urban,Convenience
Sports Direct,1197831,9/5/2021,West,Idaho,Boise,Men's Street Footwear,$55.00 ,675.0,371250.0,"$148,500 ",40%,Online,Beverie Moffet,17,Youth,Accessory
Foot Locker,1197831,12/4/2021,West,Idaho,Boise,Women's Street Footwear,$47.00 ,223.0,10481.0,"$4,612 ",44%,Outlet,Dotty Strutley,5,Youth,Extreme
West Gear,1185732,12/16/2021,Northeast,West Virginia,Charleston,Women's Street Footwear,$55.00 ,400.0,220000.0,"$88,000 ",40%,In-store,Husein Augar,13,Mix,All Season
Sports Direct,1185732,4/4/2021,Northeast,Connecticut,Hartford,Women's Street Footwear,$20.00 ,64.0,1280.0,$461 ,36%,Outlet,Ches Bonnell,9,Youth,Accessory
West Gear,1128299,7/7/2020,West,Washington,Seattle,Men's Street Footwear,$80.00 ,217.0,17360.0,"$7,812 ",45%,Online,Van Tuxwell,22,Rural,Select
West Gear,1128299,6/15/2020,West,Washington,Seattle,Women's Street Footwear,$75.00 ,400.0,300000.0,"$75,000 ",25%,In-store,Rafaelita Blaksland,14,Accessory,Extreme
Sports Direct,1128299,12/25/2021,West,New Mexico,Albuquerque,Men's Apparel,$64.00 ,119.0,7616.0,"$3,427 ",45%,Online,Mallorie Waber,16,Youth,Moderation
West Gear,1185732,5/4/2021,Midwest,Wisconsin,Milwaukee,Men's Street Footwear,$58.00 ,134.0,7772.0,"$3,187 ",41%,Online,Dennison Crosswaite,17,Accessory,Moderation
Foot Locker,1185732,12/9/2020,Midwest,Minnesota,Minneapolis,Women's Apparel,$40.00 ,200.0,80000.0,"$36,000 ",45%,Outlet,Beverie Moffet,8,Accessory,Accessory
Kohl's,1185732,5/6/2021,Northeast,New Jersey,Newark,Men's Apparel,$47.00 ,68.0,3196.0,"$1,310 ",41%,Online,Madelene Upcott,14,Rural,Select
West Gear,1185732,3/10/2021,West,Utah,Salt Lake City,Women's Street Footwear,$16.00 ,140.0,2240.0,$874 ,39%,Outlet,Barr Faughny,12,Mix,Moderation
Sports Direct,1197831,11/5/2021,West,Idaho,Boise,Men's Street Footwear,$35.00 ,675.0,236250.0,"$94,500 ",40%,Online,Van Tuxwell,2,Rural,Productivity
West Gear,1197831,10/21/2021,South,Oklahoma,Oklahoma City,Women's Street Footwear,$20.00 ,56.0,1120.0,$571 ,51%,Online,Kelci Walkden,17,Mix,Regular
Sports Direct,1128299,2/13/2021,Southeast,Georgia,Atlanta,Men's Apparel,$41.00 ,51.0,2091.0,"$1,004 ",48%,Online,Marney O'Breen,17,Accessory,All Season
Foot Locker,1185732,12/1/2020,Midwest,Minnesota,Minneapolis,Women's Athletic Footwear,$35.00 ,175.0,61250.0,"$21,438 ",35%,Outlet,Camilla Castle,3,Accessory,Select
Amazon,1185732,3/10/2021,Northeast,Vermont,Burlington,Women's Street Footwear,$23.00 ,85.0,1955.0,$743 ,38%,Outlet,Karlen McCaffrey,7,Mix,Extreme
West Gear,1128299,2/11/2021,West,California,San Francisco,Men's Street Footwear,$51.00 ,293.0,14943.0,"$5,977 ",40%,Online,Camilla Castle,14,Mix,Select
Sports Direct,1128299,10/13/2021,Southeast,Georgia,Atlanta,Women's Apparel,$64.00 ,102.0,6528.0,"$2,546 ",39%,Online,Dennison Crosswaite,9,Youth,Select
Kohl's,1189833,1/9/2021,Midwest,Montana,Billings,Men's Street Footwear,$35.00 ,575.0,201250.0,"$90,563 ",45%,Outlet,Dotty Strutley,6,Youth,Productivity
Sports Direct,1128299,4/13/2021,Southeast,Georgia,Atlanta,Women's Athletic Footwear,$40.00 ,96.0,3840.0,"$1,728 ",45%,Outlet,Mallorie Waber,5,Rural,Convenience
Foot Locker,1185732,8/14/2021,Northeast,Delaware,Wilmington,Men's Athletic Footwear,$47.00 ,128.0,6016.0,"$2,767 ",46%,Online,Kaine Padly,9,Mix,Youth
Sports Direct,1185732,4/16/2021,Midwest,Michigan,Detroit,Women's Apparel,$40.00 ,525.0,210000.0,"$115,500 ",55%,In-store,Rafaelita Blaksland,21,Rural,Select
Kohl's,1189833,4/12/2021,West,California,Los Angeles,Women's Apparel,$62.00 ,174.0,10788.0,"$3,560 ",33%,Online,Oby Sorrel,14,Youth,Regular
West Gear,1185732,7/2/2021,Midwest,Wisconsin,Milwaukee,Women's Athletic Footwear,$40.00 ,175.0,70000.0,"$21,000 ",30%,In-store,Camilla Castle,5,Rural,Accessory
Walmart,1128299,7/16/2021,Southeast,Florida,Orlando,Men's Street Footwear,$68.00 ,297.0,20196.0,"$7,473 ",37%,Outlet,Kelci Walkden,4,Rural,Productivity
West Gear,1128299,7/16/2021,South,Louisiana,New Orleans,Women's Street Footwear,$69.00 ,210.0,14490.0,"$6,810 ",47%,Outlet,Madelene Upcott,19,Mix,Convenience
Foot Locker,1185732,5/7/2021,Midwest,Iowa,Des Moines,Men's Street Footwear,$57.00 ,146.0,8322.0,"$3,495 ",42%,Online,Oby Sorrel,9,Mix,Select
Foot Locker,1185732,1/28/2020,Northeast,New York,New York,Women's Athletic Footwear,$43.00 ,216.0,9288.0,"$4,644 ",50%,Online,Gunar Cockshoot,9,Accessory,All Season
Sports Direct,1128299,9/14/2021,Southeast,Georgia,Atlanta,Men's Athletic Footwear,$38.00 ,198.0,7524.0,"$3,311 ",44%,Outlet,Gigi Bohling,2,Youth,Productivity
West Gear,1185732,9/12/2021,West,Utah,Salt Lake City,Men's Athletic Footwear,$25.00 ,450.0,112500.0,"$39,375 ",35%,In-store,Jehu Rudeforth,16,Youth,Regular
Sports Direct,1185732,7/13/2021,Northeast,Massachusetts,Boston,Women's Apparel,$60.00 ,425.0,255000.0,"$76,500 ",30%,In-store,Ches Bonnell,17,Urban,All Season
Amazon,1185732,4/10/2021,Midwest,Ohio,Columbus,Men's Athletic Footwear,$30.00 ,425.0,127500.0,"$44,625 ",35%,Online,Roddy Speechley,19,Mix,Accessory
Kohl's,1185732,12/13/2021,Northeast,Delaware,Wilmington,Women's Athletic Footwear,$53.00 ,98.0,5194.0,"$2,805 ",54%,Online,Kaine Padly,7,Urban,Extreme
Foot Locker,1185732,6/18/2021,South,Mississippi,Jackson,Women's Athletic Footwear,$34.00 ,149.0,5066.0,"$2,178 ",43%,Outlet,Andria Kimpton,9,Youth,Regular
West Gear,1128299,1/12/2020,West,Nevada,Las Vegas,Men's Apparel,$50.00 ,200.0,100000.0,"$55,000 ",55%,Outlet,Dotty Strutley,21,Mix,Regular
Foot Locker,1185732,6/6/2021,Midwest,Iowa,Des Moines,Men's Athletic Footwear,$28.00 ,77.0,2156.0,"$1,035 ",48%,Online,Ches Bonnell,9,Youth,Productivity
Foot Locker,1128299,12/12/2021,Southeast,Georgia,Atlanta,Men's Apparel,$64.00 ,116.0,7424.0,"$3,712 ",50%,Online,Beverie Moffet,13,Youth,All Season
Amazon,1185732,8/18/2021,Northeast,New Hampshire,Manchester,Women's Athletic Footwear,$42.00 ,88.0,3696.0,"$1,183 ",32%,Outlet,Marney O'Breen,7,Mix,Moderation
Sports Direct,1197831,9/15/2021,South,Texas,Dallas,Women's Apparel,$53.00 ,263.0,13939.0,"$8,782 ",63%,Online,Husein Augar,10,Accessory,Extreme
Sports Direct,1128299,11/13/2021,Southeast,Georgia,Atlanta,Men's Apparel,$65.00 ,350.0,227500.0,"$79,625 ",35%,Online,Gigi Bohling,1,Youth,Accessory
West Gear,1185732,11/3/2021,Midwest,Wisconsin,Milwaukee,Women's Street Footwear,$35.00 ,245.0,85750.0,"$25,725 ",30%,In-store,Roddy Speechley,18,Mix,Convenience
West Gear,1185732,10/11/2021,West,Utah,Salt Lake City,Women's Street Footwear,$19.00 ,87.0,1653.0,$810 ,49%,Online,Rafaelita Blaksland,3,Youth,Extreme
West Gear,1128299,1/15/2020,West,Nevada,Las Vegas,Men's Athletic Footwear,$50.00 ,120.0,6000.0,"$2,400 ",40%,Online,Gigi Bohling,12,Urban,Regular
West Gear,1185732,4/3/2021,Midwest,Wisconsin,Milwaukee,Women's Apparel,$49.00 ,61.0,2989.0,"$1,644 ",55%,Online,Marney O'Breen,18,Accessory,Select
Sports Direct,1197831,10/5/2021,South,Texas,Dallas,Men's Athletic Footwear,$40.00 ,625.0,250000.0,"$100,000 ",40%,Outlet,Husein Augar,7,Urban,Accessory
West Gear,1128299,4/25/2020,West,Colorado,Denver,Women's Apparel,$85.00 ,525.0,446250.0,"$111,563 ",25%,In-store,Camilla Castle,8,Rural,Extreme
West Gear,1197831,5/5/2021,West,Idaho,Boise,Men's Street Footwear,$14.00 ,210.0,2940.0,"$1,235 ",42%,Outlet,Wilone O'Kielt,20,Youth,All Season
West Gear,1185732,6/11/2021,West,Utah,Salt Lake City,Men's Street Footwear,$28.00 ,182.0,5096.0,"$2,599 ",51%,Online,Mallorie Waber,2,Mix,Youth
West Gear,1128299,1/24/2021,West,Utah,Salt Lake City,Women's Athletic Footwear,$39.00 ,58.0,2262.0,"$1,041 ",46%,Online,Kelci Walkden,11,Rural,All Season
Sports Direct,1197831,3/29/2021,South,Tennessee,Knoxville,Men's Athletic Footwear,$17.00 ,203.0,3451.0,"$1,449 ",42%,Outlet,Karlen McCaffrey,15,Rural,Moderation
West Gear,1128299,12/16/2021,Southeast,Florida,Orlando,Women's Apparel,$95.00 ,625.0,593750.0,"$267,188 ",45%,In-store,Marney O'Breen,1,Accessory,All Season
Foot Locker,1128299,8/23/2021,West,Arizona,Phoenix,Women's Street Footwear,$37.00 ,153.0,5661.0,"$2,321 ",41%,Outlet,Barr Faughny,18,Mix,Accessory
Foot Locker,1185732,2/8/2020,Northeast,New York,New York,Women's Street Footwear,$36.00 ,288.0,10368.0,"$4,355 ",42%,Outlet,Jan Morforth,22,Youth,Youth
Foot Locker,1185732,2/8/2021,Northeast,Connecticut,Hartford,Women's Street Footwear,$24.00 ,49.0,1176.0,$588 ,50%,Online,Karlen McCaffrey,2,Youth,Select
Sports Direct,1185732,5/3/2021,Northeast,Connecticut,Hartford,Women's Athletic Footwear,$32.00 ,74.0,2368.0,$781 ,33%,Outlet,Brien Boise,2,Urban,Regular
Sports Direct,1185732,10/9/2020,Southeast,Florida,Miami,Men's Apparel,$64.00 ,195.0,12480.0,"$6,240 ",50%,Online,Kelci Walkden,19,Mix,Extreme
Foot Locker,1185732,12/16/2021,Northeast,Pennsylvania,Philadelphia,Men's Athletic Footwear,$35.00 ,68.0,2380.0,$762 ,32%,Outlet,Barr Faughny,14,Accessory,Youth
Foot Locker,1185732,2/18/2021,Southeast,Kentucky,Louisville,Men's Athletic Footwear,$27.00 ,106.0,2862.0,"$1,374 ",48%,Online,Gunar Cockshoot,8,Accessory,Youth
Foot Locker,1128299,7/23/2021,Southeast,Virginia,Richmond,Men's Apparel,$90.00 ,600.0,540000.0,"$216,000 ",40%,In-store,Curtice Advani,4,Rural,Regular
Sports Direct,1185732,3/3/2021,Northeast,Connecticut,Hartford,Men's Apparel,$50.00 ,150.0,75000.0,"$22,500 ",30%,In-store,Curtice Advani,10,Accessory,All Season
West Gear,1185732,12/9/2021,Midwest,Ohio,Columbus,Women's Apparel,$80.00 ,625.0,500000.0,"$250,000 ",50%,Online,Jehu Rudeforth,3,Rural,Accessory
Walmart,1128299,10/17/2021,Southeast,Florida,Orlando,Men's Apparel,$65.00 ,350.0,227500.0,"$45,500 ",20%,In-store,Husein Augar,16,Rural,Extreme
Foot Locker,1185732,10/5/2021,Northeast,Connecticut,Hartford,Women's Apparel,$70.00 ,275.0,192500.0,"$67,375 ",35%,In-store,Roddy Speechley,22,Rural,Convenience
Foot Locker,1185732,4/7/2021,Northeast,Rhode Island,Providence,Women's Street Footwear,$16.00 ,44.0,704.0,$296 ,42%,Outlet,Husein Augar,16,Youth,Youth
Foot Locker,1185732,10/25/2020,Midwest,Minnesota,Minneapolis,Women's Street Footwear,$25.00 ,56.0,1400.0,$588 ,42%,Online,Husein Augar,19,Mix,Select
Amazon,1185732,3/21/2021,Southeast,Kentucky,Louisville,Women's Athletic Footwear,$36.00 ,27.0,972.0,$505 ,52%,Online,Gunar Cockshoot,19,Accessory,Youth
West Gear,1128299,4/16/2020,West,Colorado,Denver,Women's Street Footwear,$65.00 ,575.0,373750.0,"$186,875 ",50%,In-store,Jan Morforth,20,Mix,Regular
